% ---------------------------
% Bibliography Reference Bank
%        --- SPDEs-Bib       
% ---------------------------
% Author: chenle02 (Le Chen)
% Emails: chenle02 AT gmail.com
%         le.chen AT auburn.edu
% Github: https://github.com/chenle02/SPDEs-Bib.git
% Commit: 043b746e7dbdc3d5f1c014604ffd8169e340c881
% Zenodo: https://zenodo.org/records/10143431
% DOI:    10.5281/zenodo.10143431
% Date:   2023-11-30
% ---------------------------


% ---------------------------
% 
% Hope you find this bibliography bank useful.
% 
% If you need include more entries, please contact me via email or start an
% issue from the github repo page.
% 
% This bibliography file -- All.bib  -- is licensed under the Creative Commons
% Attribution-ShareAlike 4.0 International (CC BY-SA 4.0) license. You are free
% to share and adapt the contents of this file as long as you give appropriate
% credit and distribute any derivative works under the same license.
% 
% ---------------------------


@book{aaronson:97:introduction,
  author        = {Aaronson, Jon},
  title         = {An introduction to infinite ergodic theory},
  series        = {Mathematical Surveys and Monographs},
  volume        = {50},
  publisher     = {American Mathematical Society, Providence, RI},
  year          = {1997},
  pages         = {xii+284},
  isbn          = {0-8218-0494-4},
  mrclass       = {28Dxx (58F11 58F17)},
  mrnumber      = {1450400},
  mrreviewer    = {Cesar E. Silva},
  doi           = {10.1090/surv/050},
  url           = {https://doi.org/10.1090/surv/050}
}
@article{abdesselam:07:complete,
  author        = {Abdesselam, Abdelmalek},
  title         = {A complete renormalization group trajectory between two fixed points},
  journal       = {Comm. Math. Phys.},
  fjournal      = {Communications in Mathematical Physics},
  volume        = {276},
  year          = {2007},
  number        = {3},
  pages         = {727--772},
  issn          = {0010-3616},
  mrclass       = {81T17 (81T08)},
  mrnumber      = {2350436},
  mrreviewer    = {A. L. Rebenko},
  doi           = {10.1007/s00220-007-0352-x},
  url           = {https://doi.org/10.1007/s00220-007-0352-x}
}
@book{ablowitz.fokas:03:complex,
  author        = {Ablowitz, Mark J. and Fokas, Athanassios S.},
  title         = {Complex variables: introduction and applications},
  series        = {Cambridge Texts in Applied Mathematics},
  edition       = {Second},
  publisher     = {Cambridge University Press, Cambridge},
  year          = {2003},
  pages         = {xii+647},
  isbn          = {0-521-53429-1},
  mrclass       = {30-01},
  mrnumber      = {1989049},
  doi           = {10.1017/CBO9780511791246},
  url           = {https://doi.org/10.1017/CBO9780511791246}
}
