@book{**key**2,
 doi = {10.1007/978-1-4612-1358-1},
 editor = {Gin\'{e}, Evarist and Mason, David M. and Wellner, Jon A.},
 isbn = {0-8176-4160-2},
 mrclass = {60-06 (62-06)},
 mrnumber = {1857343},
 note = {Papers from the 2nd International Conference held at the
University of Washington, Seattle, WA, August 1--6, 1999},
 pages = {xii+510},
 publisher = {Birkh\"{a}user Boston, Inc., Boston, MA},
 series = {Progress in Probability},
 title = {High dimensional probability. {II}},
 url = {https://doi.org/10.1007/978-1-4612-1358-1},
 volume = {47},
 year = {2000}
}
