@book{**key**5,
 editor = {Domb, C. and Green, M. S.},
 mrclass = {82.00},
 mrnumber = {353911},
 pages = {xviii+694},
 publisher = {Academic Press, London-New York},
 title = {Phase transitions and critical phenomena. {V}ol. 3:
{S}eries expansions for lattice models},
 year = {1974}
}
