@book{**key**12,
 editor = {Domb, C. and Green, M. S.},
 isbn = {0-12-220305-4},
 mrclass = {80.47 (82.47)},
 mrnumber = {479060},
 pages = {xvii+420},
 publisher = {Academic Press [Harcourt Brace Jovanovich, Publishers],
London-New York},
 title = {Phase transitions and critical phenomena. {V}ol. 5a},
 year = {1976}
}
