@article{**key*,
 author = {Gorelov, Ju. A.},
 doi = {10.1016/0021-8928(60)90046-0},
 fjournal = {Akademija Nauk SSSR. Otdelenie Tehni\v{c}eskih Nauk. Institut Mehaniki. Prikladnaja Matematika i Mehanika},
 issn = {0032-8235},
 journal = {Prikl. Mat. Meh.},
 mrclass = {70.00},
 mrnumber = {122054},
 mrreviewer = {A. Blake},
 number = {},
 pages = {303--308},
 title = {On two classes of plane extremal motions of a rocket in vacuum},
 url = {https://doi.org/10.1016/0021-8928(60)90046-0},
 volume = {24}
}
