@article{abdulle.cohen.ea:12:high,
  author        = {Abdulle, Assyr and Cohen, David and Vilmart, Gilles and Zygalakis, Konstantinos C.},
  doi           = {10.1137/110846609},
  fjournal      = {SIAM Journal on Scientific Computing},
  issn          = {1064-8275,1095-7197},
  journal       = {SIAM J. Sci. Comput.},
  mrclass       = {65C30 (60H35)},
  mrnumber      = {2970274},
  mrreviewer    = {Tommi\ P.\ Sottinen},
  number        = {3},
  pages         = {A1800--A1823},
  title         = {High weak order methods for stochastic differential equations based on modified equations},
  url           = {https://doi.org/10.1137/110846609},
  volume        = {34},
  year          = {2012}
}
