@article{abu-shammala.torchinsky:07:hardy-lorentz,
  author        = {Abu-Shammala, Wael and Torchinsky, Alberto},
  doi           = {10.4064/sm182-3-7},
  fjournal      = {Studia Mathematica},
  issn          = {0039-3223},
  journal       = {Studia Math.},
  mrclass       = {46E30 (42B30 42B35)},
  mrnumber      = {2360632},
  mrreviewer    = {Oscar Blasco},
  number        = {3},
  pages         = {283--294},
  title         = {The {H}ardy-{L}orentz spaces {$H^{p,q}(\Bbb R^n)$}},
  url           = {https://doi.org/10.4064/sm182-3-7},
  volume        = {182},
  year          = {2007}
}
