@book{adams:75:sobolev,
  author        = {Adams, Robert A.},
  mrclass       = {46E35},
  mrnumber      = {0450957},
  mrreviewer    = {A. Kufner},
  pages         = {xviii+268},
  publisher     = {Academic Press [Harcourt Brace Jovanovich, Publishers], New York-London},
  series        = {Pure and Applied Mathematics, Vol. 65},
  title         = {Sobolev spaces},
  year          = {1975}
}
