@book{adams.fournier:03:sobolev,
 author = {Adams, Robert A. and Fournier, John J. F.},
 edition = {Second},
 isbn = {0-12-044143-8},
 mrclass = {46E35 (46-01 46-02 46B70 46Exx)},
 mrnumber = {2424078},
 pages = {xiv+305},
 publisher = {Elsevier/Academic Press, Amsterdam},
 series = {Pure and Applied Mathematics (Amsterdam)},
 title = {Sobolev spaces},
 volume = {140},
 year = {2003}
}
