@book{adler.taylor:07:random,
 author = {Adler, Robert J. and Taylor, Jonathan E.},
 isbn = {978-0-387-48112-8},
 mrclass = {60G60 (58J65)},
 mrnumber = {2319516},
 mrreviewer = {Jos\'{e} Rafael Le\'{o}n},
 pages = {xviii+448},
 publisher = {Springer, New York},
 series = {Springer Monographs in Mathematics},
 title = {Random fields and geometry},
 year = {2007}
}
