@book{adler.taylor.ea:07:applications,
 author = {Adler, Robert J and Taylor, Jonathan E and Worsley, Keith J and Worsley, Keith},
 booktitle = {In preparation, available on R. Adler's home},
 organization = {Citeseer},
 title = {Applications of random fields and geometry: Foundations and case studies},
 year = {2007}
}
