@article{adolfsson:93:lp-integrability,
 author = {Adolfsson, Vilhelm},
 fjournal = {Pacific Journal of Mathematics},
 issn = {0030-8730},
 journal = {Pacific J. Math.},
 mrclass = {35B45 (35J05)},
 mrnumber = {1214070},
 mrreviewer = {Yehuda Pinchover},
 number = {2},
 pages = {201--225},
 title = {{$L^p$}-integrability of the second order derivatives of {G}reen potentials in convex domains},
 url = {http://projecteuclid.org/euclid.pjm/1102634261},
 volume = {159},
 year = {1993}
}
