@article{aggarwal.corwin.ea:23:asep,
  author        = {Aggarwal, Amol and Corwin, Ivan and Ghosal, Promit},
  doi           = {10.1016/j.aim.2023.109004},
  fjournal      = {Advances in Mathematics},
  issn          = {0001-8708},
  journal       = {Adv. Math.},
  mrclass       = {60K35},
  mrnumber      = {4576839},
  mrreviewer    = {Florent Benaych-Georges},
  pages         = {Paper No. 109004, 57},
  title         = {The {ASEP} speed process},
  url           = {https://doi.org/10.1016/j.aim.2023.109004},
  volume        = {422},
  year          = {2023}
}
