@article{agmon.douglis.ea:59:estimates,
  author        = {Agmon, S. and Douglis, A. and Nirenberg, L.},
  doi           = {10.1002/cpa.3160120405},
  fjournal      = {Communications on Pure and Applied Mathematics},
  issn          = {0010-3640},
  journal       = {Comm. Pure Appl. Math.},
  mrclass       = {35.43},
  mrnumber      = {125307},
  mrreviewer    = {E. Magenes},
  pages         = {623--727},
  title         = {Estimates near the boundary for solutions of elliptic partial differential equations satisfying general boundary conditions. {I}},
  url           = {https://doi.org/10.1002/cpa.3160120405},
  volume        = {12},
  year          = {1959}
}
