@article{agrawal.hu.ea:20:general,
  author        = {Agrawal, Nishant and Hu, Yaozhong and Sharma, Neha},
  fjournal      = {Journal of Stochastic Analysis. JOSA},
  journal       = {J. Stoch. Anal.},
  mrclass       = {60H05 (60G51 60H30)},
  mrnumber      = {4143962},
  mrreviewer    = {Omar Mellah},
  number        = {3},
  pages         = {Art. 3, 12},
  title         = {General product formula of multiple integrals of {L}\'{e}vy process},
  volume        = {1},
  year          = {2020}
}
