@incollection{agrawal:02:solution,
  author        = {Agrawal, Om P.},
  doi           = {10.1023/A:1016539022492},
  fjournal      = {Nonlinear Dynamics. An International Journal of Nonlinear Dynamics and Chaos in Engineering Systems},
  issn          = {0924-090X},
  journal       = {Nonlinear Dynam.},
  mrclass       = {35R10 (35A22 35C10 35L05)},
  mrnumber      = {1926471},
  note          = {Fractional order calculus and its applications},
  number        = {1-4},
  pages         = {145--155},
  title         = {Solution for a fractional diffusion-wave equation defined in a bounded domain},
  url           = {https://doi.org/10.1023/A:1016539022492},
  volume        = {29},
  year          = {2002}
}
