@article{agresti.lindemulder.ea:23:on,
  author        = {Agresti, Antonio and Lindemulder, Nick and Veraar, Mark},
  doi           = {10.1002/mana.202100192},
  fjournal      = {Mathematische Nachrichten},
  issn          = {0025-584X,1522-2616},
  journal       = {Math. Nachr.},
  mrclass       = {46E35 (35B65 35K90 47D06 60H15)},
  mrnumber      = {4604539},
  mrreviewer    = {Yoichi\ Miyazaki},
  number        = {4},
  pages         = {1319--1350},
  title         = {On the trace embedding and its applications to evolution equations},
  url           = {https://doi.org/10.1002/mana.202100192},
  volume        = {296},
  year          = {2023}
}
