@article{agresti.veraar:20:stability,
  author        = {Agresti, Antonio and Veraar, Mark},
  doi           = {10.1016/j.jmaa.2019.123553},
  fjournal      = {Journal of Mathematical Analysis and Applications},
  issn          = {0022-247X,1096-0813},
  journal       = {J. Math. Anal. Appl.},
  mrclass       = {60H15 (35B35 35R60 60B11)},
  mrnumber      = {4016507},
  mrreviewer    = {Jiang\ Lun\ Wu},
  number        = {2},
  pages         = {123553, 35},
  title         = {Stability properties of stochastic maximal {$L^p$}-regularity},
  url           = {https://doi.org/10.1016/j.jmaa.2019.123553},
  volume        = {482},
  year          = {2020}
}
