@article{agresti.veraar:22:nonlinear,
  author        = {Agresti, Antonio and Veraar, Mark},
  doi           = {10.1088/1361-6544/abd613},
  fjournal      = {Nonlinearity},
  issn          = {0951-7715,1361-6544},
  journal       = {Nonlinearity},
  mrclass       = {60H15 (35K59 35R60 42B37 47D06)},
  mrnumber      = {4459102},
  number        = {8},
  pages         = {4100--4210},
  title         = {Nonlinear parabolic stochastic evolution equations in critical spaces part {I}. {S}tochastic maximal regularity and local existence},
  url           = {https://doi.org/10.1088/1361-6544/abd613},
  volume        = {35},
  year          = {2022}
}
