@article{agresti.veraar:23:reaction-diffusion,
  author        = {Agresti, Antonio and Veraar, Mark},
  doi           = {10.1016/j.jde.2023.05.038},
  fjournal      = {Journal of Differential Equations},
  issn          = {0022-0396,1090-2732},
  journal       = {J. Differential Equations},
  mrclass       = {60H15 (35A01 35B44 35B65 35K57 35K90 35R60 58D25)},
  mrnumber      = {4598499},
  pages         = {247--300},
  title         = {Reaction-diffusion equations with transport noise and critical superlinear diffusion: local well-posedness and positivity},
  url           = {https://doi.org/10.1016/j.jde.2023.05.038},
  volume        = {368},
  year          = {2023}
}
