@article{agresti:24:delayed,
  author        = {Agresti, Antonio},
  doi           = {10.1007/s40072-023-00319-4},
  fjournal      = {Stochastics and Partial Differential Equations. Analysis and Computations},
  issn          = {2194-0401},
  journal       = {Stoch. Partial Differ. Equ. Anal. Comput.},
  mrclass       = {60H15 (35B44 35B65 35D35 35K57 35R60 60H50)},
  mrnumber      = {4781799},
  mrreviewer    = {Jiang Lun Wu},
  number        = {3},
  pages         = {1907--1981},
  title         = {Delayed blow-up and enhanced diffusion by transport noise for systems of reaction-diffusion equations},
  url           = {https://doi.org/10.1007/s40072-023-00319-4},
  volume        = {12},
  year          = {2024}
}
