@article{agresti.veraar:25:nonlinear,
  author        = {Antonio Agresti and Mark Veraar},
  journal       = {Preprint arXiv:2501.18561},
  month         = {January},
  title         = {Nonlinear SPDEs and Maximal Regularity: An Extended Survey},
  url           = {http://arXiv.org/abs/2501.18561},
  year          = {2025}
}
