@book{ahlfors:78:complex,
  author        = {Ahlfors, Lars V.},
  edition       = {Third},
  isbn          = {0-07-000657-1},
  mrclass       = {30-01},
  mrnumber      = {510197},
  note          = {An introduction to the theory of analytic functions of one complex variable},
  pages         = {xi+331},
  publisher     = {McGraw-Hill Book Co., New York},
  series        = {International Series in Pure and Applied Mathematics},
  title         = {Complex analysis},
  year          = {1978}
}
