@article{aida.osaki.ea:05:chemotaxis,
 author = {Aida, Masashi and Osaki, Koichi and Tsujikawa, Tohru and Yagi, Atsushi and Mimura, Masayasu},
 doi = {10.1016/j.nonrwa.2004.08.011},
 fjournal = {Nonlinear Analysis. Real World Applications. An International Multidisciplinary Journal},
 issn = {1468-1218},
 journal = {Nonlinear Anal. Real World Appl.},
 mrclass = {92C17 (35K50 35K55)},
 mrnumber = {2111657},
 mrreviewer = {Evelyn Sander},
 number = {2},
 pages = {323--336},
 title = {Chemotaxis and growth system with singular sensitivity function},
 url = {https://doi.org/10.1016/j.nonrwa.2004.08.011},
 volume = {6},
 year = {2005}
}
