@article{aizenman.simon:82:brownian,
  author        = {Aizenman, M. and Simon, B.},
  doi           = {10.1002/cpa.3160350206},
  fjournal      = {Communications on Pure and Applied Mathematics},
  issn          = {0010-3640,1097-0312},
  journal       = {Comm. Pure Appl. Math.},
  mrclass       = {35J10 (60J65 81C05)},
  mrnumber      = {644024},
  mrreviewer    = {M.\ Schechter},
  number        = {2},
  pages         = {209--273},
  title         = {Brownian motion and {H}arnack inequality for {S}chr\"odinger operators},
  url           = {https://doi.org/10.1002/cpa.3160350206},
  volume        = {35},
  year          = {1982}
}
