@article{aizenman.kesten.ea:87:uniqueness,
 author = {Aizenman, M. and Kesten, H. and Newman, C. M.},
 fjournal = {Communications in Mathematical Physics},
 issn = {0010-3616,1432-0916},
 journal = {Comm. Math. Phys.},
 mrclass = {82A43 (60K35 82A05)},
 mrnumber = {901151},
 mrreviewer = {G.\ R.\ Grimmett},
 number = {4},
 pages = {505--531},
 title = {Uniqueness of the infinite cluster and continuity of
connectivity functions for short and long range
percolation},
 url = {http://projecteuclid.org/euclid.cmp/1104159720},
 volume = {111},
 year = {1987}
}
