@incollection{akemann.baik.ea:11:introduction,
 author = {Akemann, G. and Baik, J. and Di Francesco, P.},
 booktitle = {The {O}xford handbook of random matrix theory},
 mrclass = {60B20 (60-02)},
 mrnumber = {2932621},
 pages = {3--14},
 publisher = {Oxford Univ. Press, Oxford},
 title = {Introduction and guide to the handbook},
 year = {2011}
}
