@article{aki.richards:09:quantitative,
  author        = {Aki, Keiiti and Richards, Paul G.},
  edition       = {2nd},
  journal       = {Theory and Methods},
  pages         = {1--700},
  publisher     = {University Science Books},
  title         = {Quantitative Seismology},
  year          = {2009}
}
