@article{akilandeeswari.tyagi:21:nonnegative,
 author = {Akilandeeswari, Aruchamy and Tyagi, Jagmohan},
 doi = {10.1002/mma.6880},
 fjournal = {Mathematical Methods in the Applied Sciences},
 issn = {0170-4214},
 journal = {Math. Methods Appl. Sci.},
 mrclass = {35A01 (35B45 35D30 35L65 35R11)},
 mrnumber = {4185347},
 number = {2},
 pages = {1812--1830},
 title = {Nonnegative solutions to time fractional {K}eller-{S}egel system},
 url = {https://doi.org/10.1002/mma.6880},
 volume = {44},
 year = {2021}
}
