@article{aksakalli.ceyhan:12:optimal*1,
 author = {Aksakalli, Vural and Ceyhan, Elvan},
 journal = {The Annals of Applied Statistics},
 number = {4},
 pages = {1730--1774},
 publisher = {Institute of Mathematical Statistics},
 title = {Optimal obstacle placement with disambiguations},
 volume = {6},
 year = {2012}
}
