@article{al-refai.luchko:16:analysis,
 author = {Al-Refai, Mohammed and Luchko, Yuri},
 doi = {10.1515/anly-2015-5011},
 fjournal = {Analysis. International Mathematical Journal of Analysis and its Applications},
 issn = {0174-4747,2196-6753},
 journal = {Analysis (Berlin)},
 mrclass = {35R11 (26A33 33E12 35B45 35B50 45K05)},
 mrnumber = {3491861},
 number = {2},
 pages = {123--133},
 title = {Analysis of fractional diffusion equations of distributed order: maximum principles and their applications},
 url = {https://doi.org/10.1515/anly-2015-5011},
 volume = {36},
 year = {2016}
}
