@article{alama.deift.ea:89:eigenvalue,
 author = {Alama, Stanley and Deift, Percy A. and Hempel, Rainer},
 fjournal = {Communications in Mathematical Physics},
 issn = {0010-3616,1432-0916},
 journal = {Comm. Math. Phys.},
 mrclass = {35J10 (35P20 47A10 47F05 81C12)},
 mrnumber = {985401},
 mrreviewer = {B.\ Hellwig},
 number = {2},
 pages = {291--321},
 title = {Eigenvalue branches of the {S}chr\"odinger operator
{$H-\lambda W$} in a gap of {$\sigma(H)$}},
 url = {http://projecteuclid.org/euclid.cmp/1104178069},
 volume = {121},
 year = {1989}
}
