@article{albeverio.kusuoka:20:invariant,
  author        = {Albeverio, Sergio and Kusuoka, Seiichiro},
  fjournal      = {Annali della Scuola Normale Superiore di Pisa. Classe di Scienze. Serie V},
  issn          = {0391-173X},
  journal       = {Ann. Sc. Norm. Super. Pisa Cl. Sci. (5)},
  mrclass       = {81S20 (35Q40 37H10 60H15 60L50 81T08)},
  mrnumber      = {4201185},
  number        = {4},
  pages         = {1359--1427},
  title         = {The invariant measure and the flow associated to the {$\Phi^4_3$}-quantum field model},
  volume        = {20},
  year          = {2020}
}
