@article{albeverio.molchanov.ea:94:stratified,
 author = {Albeverio, Sergio and Molchanov, Stanislav A. and Surgailis, Donatas},
 doi = {10.1007/BF01268990},
 fjournal = {Probability Theory and Related Fields},
 issn = {0178-8051},
 journal = {Probab. Theory Related Fields},
 mrclass = {85A30 (60H30 85A35)},
 mrnumber = {1305783},
 number = {4},
 pages = {457--484},
 title = {Stratified structure of the {U}niverse and {B}urgers' equation---a probabilistic approach},
 url = {https://doi.org/10.1007/BF01268990},
 volume = {100},
 year = {1994}
}
