@article{albeverio.haba.ea:01:two-space,
  author        = {Albeverio, Sergio and Haba, Zbignew and Russo, Francesco},
  doi           = {10.1007/s004400100153},
  fjournal      = {Probability Theory and Related Fields},
  issn          = {0178-8051},
  journal       = {Probab. Theory Related Fields},
  mrclass       = {60H15 (35B20 35K05 35R60 60H40)},
  mrnumber      = {1867426},
  mrreviewer    = {Jean-Pierre Fouque},
  number        = {3},
  pages         = {319--366},
  title         = {A two-space dimensional semilinear heat equation perturbed by ({G}aussian) white noise},
  url           = {https://doi.org/10.1007/s004400100153},
  volume        = {121},
  year          = {2001}
}
