@article{aleksandrov.bourgain.ea:95:uniqueness,
 author = {Aleksandrov, A. and Bourgain, J. and Giesecke, M. and Havin, V. and Vymenets, Yu.},
 doi = {10.1007/BF01895831},
 fjournal = {Geometric and Functional Analysis},
 issn = {1016-443X,1420-8970},
 journal = {Geom. Funct. Anal.},
 mrclass = {31B20 (31B15 35J05)},
 mrnumber = {1339816},
 mrreviewer = {Ragnar\ Sigurdsson},
 number = {3},
 pages = {529--571},
 title = {Uniqueness and free interpolation for logarithmic potentials and the {C}auchy problem for the {L}aplace equation in {${\bf R}^2$}},
 url = {https://doi.org/10.1007/BF01895831},
 volume = {5},
 year = {1995}
}
