@article{aliev:97:on,
  author        = {Aliev, G. F.},
  fjournal      = {Proceedings of Institute of Mathematics and Mechanics. Academy of Sciences of Azerbaijan},
  journal       = {Proc. Inst. Math. Mech. Acad. Sci. Azerb.},
  mrclass       = {34K07 (65L20)},
  mrnumber      = {1812769},
  pages         = {26--31},
  title         = {On the convergence of an approximate solution of a boundary value problem for a second-order nonlinear differential equation with deviating argument},
  volume        = {7},
  year          = {1997}
}
