@article{alinhac:99:blowup,
  author        = {Alinhac, Serge},
  doi           = {10.2307/121020},
  fjournal      = {Annals of Mathematics. Second Series},
  issn          = {0003-486X},
  journal       = {Ann. of Math. (2)},
  mrclass       = {35L70 (35B05)},
  mrnumber      = {1680539},
  mrreviewer    = {Nickolai A. Lar{\cprime}kin},
  number        = {1},
  pages         = {97--127},
  title         = {Blowup of small data solutions for a quasilinear wave equation in two space dimensions},
  url           = {https://doi.org/10.2307/121020},
  volume        = {149},
  year          = {1999}
}
