@article{allaire:92:homogenization,
  author        = {Allaire, Gr\'{e}goire},
  doi           = {10.1137/0523084},
  fjournal      = {SIAM Journal on Mathematical Analysis},
  issn          = {0036-1410},
  journal       = {SIAM J. Math. Anal.},
  mrclass       = {35B27 (35B40 73B27)},
  mrnumber      = {1185639},
  mrreviewer    = {Maria Luisa Mascarenhas},
  number        = {6},
  pages         = {1482--1518},
  title         = {Homogenization and two-scale convergence},
  url           = {https://doi.org/10.1137/0523084},
  volume        = {23},
  year          = {1992}
}
