@article{allegretto.xie.ea:97:properties,
  author        = {Allegretto, W. and Xie, H. and Yang, Shixin},
  doi           = {10.1007/s002850050084},
  fjournal      = {Journal of Mathematical Biology},
  issn          = {0303-6812},
  journal       = {J. Math. Biol.},
  mrclass       = {92C35 (35Q80)},
  mrnumber      = {1478296},
  number        = {8},
  pages         = {949--966},
  title         = {Properties of solutions for a chemotaxis system},
  url           = {https://doi.org/10.1007/s002850050084},
  volume        = {35},
  year          = {1997}
}
