@article{allouba:13:time-fractional,
 author = {Allouba, Hassan},
 fjournal = {Illinois Journal of Mathematics},
 issn = {0019-2082},
 journal = {Illinois J. Math.},
 mrclass = {60H15 (35B65 35R11 35R60 45H05 45R05 60H20 60J60)},
 mrnumber = {3285862},
 mrreviewer = {Isamu D\^{o}ku},
 number = {4},
 pages = {919--963},
 title = {Time-fractional and memoryful {$\Delta^{2^k}$} {SIE}s on {$\Bbb{R}\_+\times\Bbb{R}^d$}: how far can we push white noise?},
 url = {http://projecteuclid.org/euclid.ijm/1417442557},
 volume = {57},
 year = {2013}
}
