@article{allouba:98:different,
  author        = {Allouba, H.},
  doi           = {10.1080/07362999808809562},
  fjournal      = {Stochastic Analysis and Applications},
  issn          = {0736-2994},
  journal       = {Stochastic Anal. Appl.},
  mrclass       = {60H15 (35K99 35R60)},
  mrnumber      = {1643116},
  mrreviewer    = {Bj\"{o}rn Schmalfuss},
  number        = {5},
  pages         = {787--810},
  title         = {Different types of {SPDE}s in the eyes of {G}irsanov's theorem},
  url           = {https://doi.org/10.1080/07362999808809562},
  volume        = {16},
  year          = {1998}
}
