@article{alm.parviainen:02:lower,
 author = {Alm, Sven Erick and Parviainen, Robert},
 doi = {10.1017/S0963548302005266},
 fjournal = {Combinatorics, Probability and Computing},
 issn = {0963-5483},
 journal = {Combin. Probab. Comput.},
 mrclass = {82B43},
 mrnumber = {1930350},
 mrreviewer = {Rahul Roy},
 number = {5},
 pages = {433--445},
 title = {Lower and upper bounds for the time constant of
first-passage percolation},
 url = {https://doi.org/10.1017/S0963548302005266},
 volume = {11},
 year = {2002}
}
