@incollection{alos.nualart:97:maximal,
 author = {Al\`os, Elisa and Nualart, David},
 booktitle = {Stochastic differential and difference equations ({G}y\H{o}r, 1996)},
 mrclass = {60H05 (60E15)},
 mrnumber = {1636839},
 mrreviewer = {Ali S\"{u}leyman \"{U}st\"{u}nel},
 pages = {241--251},
 publisher = {Birkh\"{a}user Boston, Boston, MA},
 series = {Progr. Systems Control Theory},
 title = {A maximal inequality for the {S}korohod integral},
 volume = {23},
 year = {1997}
}
