@article{alt:80:biased,
  author        = {Alt, Wolfgang},
  doi           = {10.1007/BF00275919},
  fjournal      = {Journal of Mathematical Biology},
  issn          = {0303-6812},
  journal       = {J. Math. Biol.},
  mrclass       = {92A05 (60J70)},
  mrnumber      = {661424},
  mrreviewer    = {M. E. Wise},
  number        = {2},
  pages         = {147--177},
  title         = {Biased random walk models for chemotaxis and related diffusion approximations},
  url           = {https://doi.org/10.1007/BF00275919},
  volume        = {9},
  year          = {1980}
}
