@article{amadori:95:unstable,
 author = {Amadori, Debora},
 fjournal = {Differential and Integral Equations. An International
Journal for Theory \& Applications},
 issn = {0893-4983},
 journal = {Differential Integral Equations},
 mrclass = {35K60 (35B40)},
 mrnumber = {1348961},
 mrreviewer = {Qing Fang},
 number = {8},
 pages = {1977--1996},
 title = {Unstable blow-up patterns},
 volume = {8},
 year = {1995}
}
