@book{amann:95:linear,
 author = {Amann, Herbert},
 doi = {10.1007/978-3-0348-9221-6},
 isbn = {3-7643-5114-4},
 mrclass = {34Gxx (35Kxx 46M35 46N20 47D06 47N20)},
 mrnumber = {1345385},
 mrreviewer = {Paolo Acquistapace},
 note = {Abstract linear theory},
 pages = {xxxvi+335},
 publisher = {Birkh\"{a}user Boston, Inc., Boston, MA},
 series = {Monographs in Mathematics},
 title = {Linear and quasilinear parabolic problems. {V}ol. {I}},
 url = {https://doi.org/10.1007/978-3-0348-9221-6},
 volume = {89},
 year = {1995}
}
