@article{amann:84:existence,
  author        = {Amann, Herbert},
  fjournal      = {Annali della Scuola Normale Superiore di Pisa. Classe di Scienze. Serie IV},
  issn          = {0391-173X},
  journal       = {Ann. Scuola Norm. Sup. Pisa Cl. Sci. (4)},
  mrclass       = {34G20 (35K22 47H15)},
  mrnumber      = {808425},
  mrreviewer    = {Sergiu Aizicovici},
  number        = {4},
  pages         = {593--676},
  title         = {Existence and regularity for semilinear parabolic evolution equations},
  url           = {http://www.numdam.org/item?id=ASNSP_1984_4_11_4_593_0},
  volume        = {11},
  year          = {1984}
}
