@article{ambrosio.serfaty:08:gradient,
  author        = {Ambrosio, Luigi and Serfaty, Sylvia},
  doi           = {10.1002/cpa.20223},
  fjournal      = {Communications on Pure and Applied Mathematics},
  issn          = {0010-3640},
  journal       = {Comm. Pure Appl. Math.},
  mrclass       = {35K51 (35B25 35J20 82D55)},
  mrnumber      = {2444374},
  mrreviewer    = {Xingbin Pan},
  number        = {11},
  pages         = {1495--1539},
  title         = {A gradient flow approach to an evolution problem arising in superconductivity},
  url           = {https://doi.org/10.1002/cpa.20223},
  volume        = {61},
  year          = {2008}
}
