@article{amenta.lorist.ea:19:rescaled,
  author        = {Amenta, Alex and Lorist, Emiel and Veraar, Mark},
  doi           = {10.5565/PUBLMAT6311905},
  fjournal      = {Publicacions Matem\`atiques},
  issn          = {0214-1493,2014-4350},
  journal       = {Publ. Mat.},
  mrclass       = {42B25 (42A20 42B15 42B20 46E30)},
  mrnumber      = {3908790},
  mrreviewer    = {Xiumin\ Du},
  number        = {1},
  pages         = {155--182},
  title         = {Rescaled extrapolation for vector-valued functions},
  url           = {https://doi.org/10.5565/PUBLMAT6311905},
  volume        = {63},
  year          = {2019}
}
