@article{anderson.mattingly:11:weak,
 author = {Anderson, David F. and Mattingly, Jonathan C.},
 doi = {10.4310/cms.2011.v9.n1.a15},
 fjournal = {Communications in Mathematical Sciences},
 issn = {1539-6746,1945-0796},
 journal = {Commun. Math. Sci.},
 mrclass = {60H35 (60H10 65C30)},
 mrnumber = {2836848},
 mrreviewer = {Mikhail\ V.\ Tretyakov},
 number = {1},
 pages = {301--318},
 title = {A weak trapezoidal method for a class of stochastic
differential equations},
 url = {https://doi.org/10.4310/cms.2011.v9.n1.a15},
 volume = {9},
 year = {2011}
}
