@article{anderson:63:asymptotic,
  author        = {Anderson, T. W.},
  doi           = {10.1214/aoms/1177704248},
  fjournal      = {Annals of Mathematical Statistics},
  issn          = {0003-4851},
  journal       = {Ann. Math. Statist.},
  mrclass       = {62.40},
  mrnumber      = {145620},
  mrreviewer    = {R. L. Plackett},
  pages         = {122--148},
  title         = {Asymptotic theory for principal component analysis},
  url           = {https://doi.org/10.1214/aoms/1177704248},
  volume        = {34},
  year          = {1963}
}
