@book{anderson.seppalainen.ea:18:introduction,
 author = {Anderson, David F. and Sepp\"{a}l\"{a}inen, Timo and Valk\'{o}, Benedek},
 isbn = {978-1-108-41585-9},
 mrclass = {60-01 (60Fxx)},
 mrnumber = {3753683},
 mrreviewer = {Andrew R. Wade},
 pages = {xv+429},
 publisher = {Cambridge University Press, Cambridge},
 series = {Cambridge Mathematical Textbooks},
 title = {Introduction to probability},
 year = {2018}
}
