@article{anderson:82:reverse-time,
 author = {Anderson, Brian D. O.},
 doi = {10.1016/0304-4149(82)90051-5},
 fjournal = {Stochastic Processes and their Applications},
 issn = {0304-4149},
 journal = {Stochastic Process. Appl.},
 mrclass = {60H10 (92A15)},
 mrnumber = {656280},
 mrreviewer = {Ya. \={I}. B\={i}lopol{\cprime}s{\cprime}ka},
 number = {3},
 pages = {313--326},
 title = {Reverse-time diffusion equation models},
 url = {https://doi.org/10.1016/0304-4149(82)90051-5},
 volume = {12},
 year = {1982}
}
