@incollection{anderson:11:spectral,
 author = {Anderson, Greg W.},
 booktitle = {The {O}xford handbook of random matrix theory},
 mrclass = {60B20 (15B52)},
 mrnumber = {2932624},
 mrreviewer = {Sasha Sodin},
 pages = {66--85},
 publisher = {Oxford Univ. Press, Oxford},
 title = {Spectral statistics of unitary ensembles},
 year = {2011}
}
