@article{andreoletti.diel:11:limit,
  author        = {Andreoletti, Pierre and Diel, Roland},
  doi           = {10.1007/s10959-010-0314-7},
  fjournal      = {Journal of Theoretical Probability},
  issn          = {0894-9840},
  journal       = {J. Theoret. Probab.},
  mrclass       = {60J25 (60J55 60K37)},
  mrnumber      = {2822476},
  mrreviewer    = {Yueyun Hu},
  number        = {3},
  pages         = {634--656},
  title         = {Limit law of the local time for {B}rox's diffusion},
  url           = {https://doi.org/10.1007/s10959-010-0314-7},
  volume        = {24},
  year          = {2011}
}
