@article{andreatta.romeo:88:stochastic,
 author = {Andreatta, G. and Romeo, L.},
 journal = {Mathematical Programming Study},
 pages = {55--67},
 publisher = {Springer},
 title = {Stochastic Shortest Path Problems: An Overview},
 volume = {38},
 year = {1988}
}
