@article{andreianov.bendahmane.ea:11:finite,
 author = {Andreianov, Boris and Bendahmane, Mostafa and Saad,
Mazen},
 doi = {10.1016/j.cam.2011.02.023},
 fjournal = {Journal of Computational and Applied Mathematics},
 issn = {0377-0427},
 journal = {J. Comput. Appl. Math.},
 mrclass = {65M08 (92C17)},
 mrnumber = {2801425},
 mrreviewer = {Fausto Cavalli},
 number = {14},
 pages = {4015--4031},
 title = {Finite volume methods for degenerate chemotaxis model},
 url = {https://doi.org/10.1016/j.cam.2011.02.023},
 volume = {235},
 year = {2011}
}
