@article{anton.cohen.ea:20:fully,
 author = {Anton, Rikard and Cohen, David and Quer-Sardanyons,
Lluis},
 doi = {10.1093/imanum/dry060},
 fjournal = {IMA Journal of Numerical Analysis},
 issn = {0272-4979},
 journal = {IMA J. Numer. Anal.},
 mrclass = {65M06 (60H15 65M12 65M22)},
 mrnumber = {4050540},
 mrreviewer = {Morteza Garshasbi},
 number = {1},
 pages = {247--284},
 title = {A fully discrete approximation of the one-dimensional
stochastic heat equation},
 url = {https://doi.org/10.1093/imanum/dry060},
 volume = {40},
 year = {2020}
}
