@book{apostol:76:introduction,
 author = {Apostol, Tom M.},
 mrclass = {10-01 (10AXX 10HXX)},
 mrnumber = {0434929},
 mrreviewer = {E. Grosswald},
 pages = {xii+338},
 publisher = {Springer-Verlag, New York-Heidelberg},
 series = {Undergraduate Texts in Mathematics},
 title = {Introduction to analytic number theory},
 year = {1976}
}
