@incollection{apostol:10:functions,
 author = {Apostol, T. M.},
 booktitle = {N{IST} handbook of mathematical functions},
 mrclass = {11A25 (33C90)},
 mrnumber = {2655367},
 pages = {637--649},
 publisher = {U.S. Dept. Commerce, Washington, DC},
 title = {Functions of number theory},
 year = {2010}
}
