@article{applebaum.wu:00:stochastic,
  author        = {Applebaum, David and Wu, Jiang-Lun},
  doi           = {10.1515/rose.2000.8.3.245},
  fjournal      = {Random Operators and Stochastic Equations},
  issn          = {0926-6364},
  journal       = {Random Oper. Stochastic Equations},
  mrclass       = {60H15 (60G51 60H40)},
  mrnumber      = {1796675},
  mrreviewer    = {Tu Sheng Zhang},
  number        = {3},
  pages         = {245--259},
  title         = {Stochastic partial differential equations driven by {L}\'{e}vy space-time white noise},
  url           = {https://doi.org/10.1515/rose.2000.8.3.245},
  volume        = {8},
  year          = {2000}
}
