@article{arguin.chatterjee:13:random,
 author = {Arguin, Louis-Pierre and Chatterjee, Sourav},
 doi = {10.1007/s00440-012-0431-6},
 fjournal = {Probability Theory and Related Fields},
 issn = {0178-8051},
 journal = {Probab. Theory Related Fields},
 mrclass = {60G15 (60G57 82B44 82D30)},
 mrnumber = {3055263},
 mrreviewer = {Flora Koukiou},
 number = {1-2},
 pages = {375--413},
 title = {Random overlap structures: properties and applications to spin glasses},
 url = {https://doi.org/10.1007/s00440-012-0431-6},
 volume = {156},
 year = {2013}
}
