@article{arguin.aizenman:09:on,
 author = {Arguin, Louis-Pierre and Aizenman, Michael},
 doi = {10.1214/08-AOP429},
 fjournal = {The Annals of Probability},
 issn = {0091-1798},
 journal = {Ann. Probab.},
 mrclass = {60G55 (60G10 82C22)},
 mrnumber = {2537550},
 mrreviewer = {Thierry Edmond Huillet},
 number = {3},
 pages = {1080--1113},
 title = {On the structure of quasi-stationary competing particle systems},
 url = {https://doi.org/10.1214/08-AOP429},
 volume = {37},
 year = {2009}
}
