@article{arguin.bovier.ea:11:genealogy,
 author = {Arguin, L.-P. and Bovier, A. and Kistler, N.},
 doi = {10.1002/cpa.20387},
 fjournal = {Communications on Pure and Applied Mathematics},
 issn = {0010-3640},
 journal = {Comm. Pure Appl. Math.},
 mrclass = {60J80 (60G70 60J65)},
 mrnumber = {2838339},
 mrreviewer = {J\'{a}nos Engl\"{a}nder},
 number = {12},
 pages = {1647--1676},
 title = {Genealogy of extremal particles of branching {B}rownian motion},
 url = {https://doi.org/10.1002/cpa.20387},
 volume = {64},
 year = {2011}
}
