@inproceedings{arkin.mitchell.ea:91:bicriteria,
 author = {Arkin, Esther M and Mitchell, Joseph SB and Piatko,
Christine D},
 booktitle = {Proc. 3rd Canad. Conf. Comput. Geom},
 organization = {Citeseer},
 pages = {153--156},
 title = {Bicriteria shortest path problems in the plane},
 year = {1991}
}
