@article{armstrong.serfaty.ea:14:remarks,
  author        = {Armstrong, Scott N. and Serfaty, Sylvia and Zeitouni, Ofer},
  doi           = {10.1007/s11118-014-9402-0},
  fjournal      = {Potential Analysis. An International Journal Devoted to the Interactions between Potential Theory, Probability Theory, Geometry and Functional Analysis},
  issn          = {0926-2601,1572-929X},
  journal       = {Potential Anal.},
  mrclass       = {31A35 (49K10 60B20)},
  mrnumber      = {3264829},
  mrreviewer    = {Jiang\ Hu},
  number        = {3},
  pages         = {945--958},
  title         = {Remarks on a constrained optimization problem for the {G}inibre ensemble},
  url           = {https://doi.org/10.1007/s11118-014-9402-0},
  volume        = {41},
  year          = {2014}
}
