@book{arnold:98:random,
 author = {Arnold, Ludwig},
 doi = {10.1007/978-3-662-12878-7},
 isbn = {3-540-63758-3},
 mrclass = {37Hxx (37-02 60H10)},
 mrnumber = {1723992},
 mrreviewer = {Yuri Kifer},
 pages = {xvi+586},
 publisher = {Springer-Verlag, Berlin},
 series = {Springer Monographs in Mathematics},
 title = {Random dynamical systems},
 url = {https://doi.org/10.1007/978-3-662-12878-7},
 year = {1998}
}
