@article{arnold:71:on,
  author        = {Arnold, L.},
  doi           = {10.1007/BF00534107},
  fjournal      = {Zeitschrift f\"{u}r Wahrscheinlichkeitstheorie und Verwandte Gebiete},
  journal       = {Z. Wahrscheinlichkeitstheorie und Verw. Gebiete},
  mrclass       = {60F05},
  mrnumber      = {348820},
  mrreviewer    = {V. Ivanov (RZMat 1972 \#1 V37)},
  pages         = {191--198},
  title         = {On {W}igner's semicircle law for the eigenvalues of random matrices},
  url           = {https://doi.org/10.1007/BF00534107},
  volume        = {19},
  year          = {1971}
}
