@article{arnold:90:stabilization,
  author        = {Arnold, L.},
  doi           = {10.1002/zamm.19900700704},
  fjournal      = {Zeitschrift f\"{u}r Angewandte Mathematik und Mechanik},
  issn          = {0044-2267},
  journal       = {Z. Angew. Math. Mech.},
  mrclass       = {93E15 (34D08)},
  mrnumber      = {1066866},
  mrreviewer    = {Allen Tannenbaum},
  number        = {7},
  pages         = {235--246},
  title         = {Stabilization by noise revisited},
  url           = {https://doi.org/10.1002/zamm.19900700704},
  volume        = {70},
  year          = {1990}
}
