@article{aronson.caffarelli.ea:83:how,
 author = {Aronson, D. G. and Caffarelli, L. A. and Kamin, S.},
 doi = {10.1137/0514049},
 fjournal = {SIAM Journal on Mathematical Analysis},
 issn = {0036-1410},
 journal = {SIAM J. Math. Anal.},
 mrclass = {35K55 (35R35 76S05)},
 mrnumber = {704481},
 mrreviewer = {Emmanuele di Benedetto},
 number = {4},
 pages = {639--658},
 title = {How an initially stationary interface begins to move in
porous medium flow},
 url = {https://doi.org/10.1137/0514049},
 volume = {14},
 year = {1983}
}
