@article{aronszajn.smith:61:theory,
  author        = {Aronszajn, N. and Smith, K. T.},
  fjournal      = {Universit\'{e} de Grenoble. Annales de l'Institut Fourier},
  issn          = {0373-0956},
  journal       = {Ann. Inst. Fourier (Grenoble)},
  mrclass       = {31.22},
  mrnumber      = {143935},
  mrreviewer    = {J. Deny},
  pages         = {385--475},
  title         = {Theory of {B}essel potentials. {I}},
  url           = {http://www.numdam.org/item?id=AIF_1961__11__385_0},
  volume        = {11},
  year          = {1961}
}
