@article{asahiro.miyano.ea:10:weighted,
  author        = {Asahiro, Yuichi and Miyano, Eiji and Miyazaki, Shuichi and Yoshimuta, Takuro},
  journal       = {Information Processing Letters},
  number        = {3},
  pages         = {93--98},
  publisher     = {Elsevier},
  title         = {Weighted nearest neighbor algorithms for the graph exploration problem on cycles},
  volume        = {110},
  year          = {2010}
}
