@incollection{askey.roy:10:gamma,
  author        = {Askey, R. A. and Roy, R.},
  booktitle     = {N{IST} handbook of mathematical functions},
  mrclass       = {33B15},
  mrnumber      = {2655345},
  pages         = {135--147},
  publisher     = {U.S. Dept. Commerce, Washington, DC},
  title         = {Gamma function},
  year          = {2010}
}
