@book{asmussen.glynn:07:stochastic,
  author        = {Asmussen, S\o ren and Glynn, Peter W.},
  isbn          = {978-0-387-30679-7},
  mrclass       = {65C20 (60G07)},
  mrnumber      = {2331321},
  mrreviewer    = {John P. Lehoczky},
  pages         = {xiv+476},
  publisher     = {Springer, New York},
  series        = {Stochastic Modelling and Applied Probability},
  title         = {Stochastic simulation: algorithms and analysis},
  volume        = {57},
  year          = {2007}
}
