@article{asogwa.mijena.ea:20:blow-up,
 author = {Asogwa, Sunday A. and Mijena, Jebessa B. and Nane, Erkan},
 doi = {10.1007/s11118-019-09772-0},
 fjournal = {Potential Analysis. An International Journal Devoted to the Interactions between Potential Theory, Probability Theory, Geometry and Functional Analysis},
 issn = {0926-2601},
 journal = {Potential Anal.},
 mrclass = {60H15},
 mrnumber = {4125095},
 number = {2},
 pages = {357--386},
 title = {Blow-up results for space-time fractional stochastic partial differential equations},
 url = {https://doi.org/10.1007/s11118-019-09772-0},
 volume = {53},
 year = {2020}
}
