@article{assing:02:pregenerator,
 author = {Assing, Sigurd},
 doi = {10.1007/s002200100606},
 fjournal = {Communications in Mathematical Physics},
 issn = {0010-3616},
 journal = {Comm. Math. Phys.},
 mrclass = {60H15 (35Q53 35R60 76D99)},
 mrnumber = {1888875},
 mrreviewer = {Hongjun Gao},
 number = {3},
 pages = {611--632},
 title = {A pregenerator for {B}urgers equation forced by conservative noise},
 url = {https://doi.org/10.1007/s002200100606},
 volume = {225},
 year = {2002}
}
