@article{atar.zeitouni:97:lyapunov,
  author        = {Atar, Rami and Zeitouni, Ofer},
  doi           = {10.1137/S0363012994272046},
  fjournal      = {SIAM Journal on Control and Optimization},
  issn          = {0363-0129},
  journal       = {SIAM J. Control Optim.},
  mrclass       = {93E11 (60J57)},
  mrnumber      = {1430282},
  mrreviewer    = {Sergei\ A.\ Avdonin},
  number        = {1},
  pages         = {36--55},
  title         = {Lyapunov exponents for finite state nonlinear filtering},
  url           = {https://doi.org/10.1137/S0363012994272046},
  volume        = {35},
  year          = {1997}
}
