@article{athreya.butkovsky.ea:20:strong,
 author = {Athreya, Siva and Butkovsky, Oleg and Mytnik, Leonid},
 doi = {10.1214/19-AOP1358},
 fjournal = {The Annals of Probability},
 issn = {0091-1798},
 journal = {Ann. Probab.},
 mrclass = {60H10 (60G52 60H50)},
 mrnumber = {4079434},
 number = {1},
 pages = {178--210},
 title = {Strong existence and uniqueness for stable stochastic differential equations with distributional drift},
 url = {https://doi.org/10.1214/19-AOP1358},
 volume = {48},
 year = {2020}
}
