@article{atlagh.weber:00:theoreme,
 author = {Atlagh, Mohamed and Weber, Michel},
 fjournal = {Expositiones Mathematicae},
 issn = {0723-0869},
 journal = {Expo. Math.},
 mrclass = {60F05 (60F17)},
 mrnumber = {1759313},
 mrreviewer = {Dalibor Voln\'{y}},
 number = {2},
 pages = {97--126},
 title = {Le th\'{e}or\`eme central limite presque s\^{u}r},
 volume = {18},
 year = {2000}
}
