@article{auffinger.damron:13:differentiability,
 author = {Auffinger, Antonio and Damron, Michael},
 doi = {10.1007/s00440-012-0425-4},
 fjournal = {Probability Theory and Related Fields},
 issn = {0178-8051},
 journal = {Probab. Theory Related Fields},
 mrclass = {60K35 (82B43)},
 mrnumber = {3055257},
 mrreviewer = {Rongfeng Sun},
 number = {1-2},
 pages = {193--227},
 title = {Differentiability at the edge of the percolation cone and
related results in first-passage percolation},
 url = {https://doi.org/10.1007/s00440-012-0425-4},
 volume = {156},
 year = {2013}
}
