@article{autry.carter.ea:23:metropolized,
 author = {Autry, Eric and Carter, Daniel and Herschlag, Gregory J.
and Hunter, Zach and Mattingly, Jonathan C.},
 doi = {10.1137/21M1418010},
 fjournal = {SIAM Journal on Applied Mathematics},
 issn = {0036-1399,1095-712X},
 journal = {SIAM J. Appl. Math.},
 mrclass = {65C05 (05C05 91D10 91D20 91F10)},
 mrnumber = {4611520},
 mrreviewer = {Ad\ Ridder},
 number = {4},
 pages = {1366--1391},
 title = {Metropolized forest recombination for {M}onte {C}arlo
sampling of graph partitions},
 url = {https://doi.org/10.1137/21M1418010},
 volume = {83},
 year = {2023}
}
