@book{aven:15:risk,
  author        = {Aven, Terje},
  publisher     = {John Wiley \& Sons},
  title         = {Risk Analysis},
  year          = {2015}
}
