@article{avron.seiler.ea:94:index,
  author        = {Avron, J. and Seiler, R. and Simon, B.},
  doi           = {10.1006/jfan.1994.1031},
  fjournal      = {Journal of Functional Analysis},
  issn          = {0022-1236,1096-0783},
  journal       = {J. Funct. Anal.},
  mrclass       = {47A53 (46L10 47B10)},
  mrnumber      = {1262254},
  mrreviewer    = {H.\ Halpern},
  number        = {1},
  pages         = {220--237},
  title         = {The index of a pair of projections},
  url           = {https://doi.org/10.1006/jfan.1994.1031},
  volume        = {120},
  year          = {1994}
}
