@article{avron.simon:83:almost,
 author = {Avron, Joseph and Simon, Barry},
 doi = {10.1215/S0012-7094-83-05016-0},
 fjournal = {Duke Mathematical Journal},
 issn = {0012-7094,1547-7398},
 journal = {Duke Math. J.},
 mrclass = {34B25 (35P05 81C10)},
 mrnumber = {700145},
 mrreviewer = {W.\ O.\ Amrein},
 number = {1},
 pages = {369--391},
 title = {Almost periodic {S}chr\"odinger operators. {II}. {T}he
integrated density of states},
 url = {https://doi.org/10.1215/S0012-7094-83-05016-0},
 volume = {50},
 year = {1983}
}
