@article{avron.seiler.ea:94:charge,
 author = {Avron, Joseph E. and Seiler, Ruedi and Simon, Barry},
 fjournal = {Communications in Mathematical Physics},
 issn = {0010-3616,1432-0916},
 journal = {Comm. Math. Phys.},
 mrclass = {82D20 (47N55 82C10)},
 mrnumber = {1256994},
 mrreviewer = {Lech\ Jak\'obczyk},
 number = {2},
 pages = {399--422},
 title = {Charge deficiency, charge transport and comparison of
dimensions},
 url = {http://projecteuclid.org/euclid.cmp/1104254604},
 volume = {159},
 year = {1994}
}
