@article{ayache.xiao:16:harmonizable,
 author = {Ayache, Antoine and Xiao, Yimin},
 doi = {10.1016/j.spa.2015.08.001},
 fjournal = {Stochastic Processes and their Applications},
 issn = {0304-4149,1879-209X},
 journal = {Stochastic Process. Appl.},
 mrclass = {60G52 (60G17 60G18 60G60 60J55)},
 mrnumber = {3426515},
 mrreviewer = {Anatoliy\ Malyarenko},
 number = {1},
 pages = {171--185},
 title = {Harmonizable fractional stable fields: local nondeterminism and joint continuity of the local times},
 url = {https://doi.org/10.1016/j.spa.2015.08.001},
 volume = {126},
 year = {2016}
}
