@article{ayache.roueff.ea:07:joint,
 author = {Ayache, Antoine and Roueff, Fran\c{c}ois and Xiao, Yimin},
 doi = {10.1016/j.crma.2007.03.028},
 fjournal = {Comptes Rendus Math\'{e}matique. Acad\'{e}mie des
Sciences. Paris},
 issn = {1631-073X,1778-3569},
 journal = {C. R. Math. Acad. Sci. Paris},
 mrclass = {60G60 (60J55)},
 mrnumber = {2334075},
 mrreviewer = {No\`elia\ Viles},
 number = {10},
 pages = {635--640},
 title = {Joint continuity of the local times of linear fractional
stable sheets},
 url = {https://doi.org/10.1016/j.crma.2007.03.028},
 volume = {344},
 year = {2007}
}
