@article{ayache.wu.ea:08:joint,
  author        = {Ayache, Antoine and Wu, Dongsheng and Xiao, Yimin},
  doi           = {10.1214/07-AIHP131},
  fjournal      = {Annales de l'Institut Henri Poincar\'{e} Probabilit\'{e}s et Statistiques},
  issn          = {0246-0203,1778-7017},
  journal       = {Ann. Inst. Henri Poincar\'{e} Probab. Stat.},
  mrclass       = {60G22 (60J55)},
  mrnumber      = {2446295},
  mrreviewer    = {Anne\ Estrade},
  number        = {4},
  pages         = {727--748},
  title         = {Joint continuity of the local times of fractional {B}rownian sheets},
  url           = {https://doi.org/10.1214/07-AIHP131},
  volume        = {44},
  year          = {2008}
}
