@incollection{azencott:80:grandes,
 author = {Azencott, R.},
 booktitle = {Eighth {S}aint {F}lour {P}robability {S}ummer {S}chool---1978 ({S}aint {F}lour, 1978)},
 mrclass = {58G32 (35H05 58F30 60F10 60H15 60J60)},
 mrnumber = {590626},
 mrreviewer = {Dominique Picard},
 pages = {1--176},
 publisher = {Springer, Berlin},
 series = {Lecture Notes in Math.},
 title = {Grandes d\'{e}viations et applications},
 volume = {774},
 year = {1980}
}
