@article{babin.ilyin.ea:11:on,
  author        = {Babin, Anatoli V. and Ilyin, Alexei A. and Titi, Edriss S.},
  doi           = {10.1002/cpa.20356},
  fjournal      = {Communications on Pure and Applied Mathematics},
  issn          = {0010-3640},
  journal       = {Comm. Pure Appl. Math.},
  mrclass       = {35Q53 (35B10 35B65 76D03)},
  mrnumber      = {2789490},
  mrreviewer    = {Olivier J. Goubet},
  number        = {5},
  pages         = {591--648},
  title         = {On the regularization mechanism for the periodic {K}orteweg-de {V}ries equation},
  url           = {https://doi.org/10.1002/cpa.20356},
  volume        = {64},
  year          = {2011}
}
