@article{bachmann.cooper.ea:87:relaxation,
  author        = {Bachmann, Charles M. and Cooper, Leon N. and Dembo, Amir and Zeitouni, Ofer},
  doi           = {10.1073/pnas.84.21.7529},
  fjournal      = {Proceedings of the National Academy of Sciences of the United States of America},
  issn          = {0027-8424},
  journal       = {Proc. Nat. Acad. Sci. U.S.A.},
  mrclass       = {92A09},
  mrnumber      = {914758},
  number        = {21},
  pages         = {7529--7531},
  title         = {A relaxation model for memory with high storage density},
  url           = {https://doi.org/10.1073/pnas.84.21.7529},
  volume        = {84},
  year          = {1987}
}
