@article{bachmat.berend.ea:06:analysis,
  author        = {Bachmat, E. and Berend, D. and Sapir, L. and Skiena, S. and Stolyarov, N.},
  doi           = {10.1088/0305-4470/39/29/L01},
  fjournal      = {Journal of Physics. A. Mathematical and General},
  issn          = {0305-4470},
  journal       = {J. Phys. A},
  mrclass       = {60C05 (60D05)},
  mrnumber      = {2247486},
  number        = {29},
  pages         = {L453--L459},
  title         = {Analysis of aeroplane boarding via spacetime geometry and random matrix theory},
  url           = {https://doi.org/10.1088/0305-4470/39/29/L01},
  volume        = {39},
  year          = {2006}
}
