@article{baer.brock:68:natural,
 author = {Baer, R. M. and Brock, P.},
 doi = {10.2307/2004668},
 fjournal = {Mathematics of Computation},
 issn = {0025-5718},
 journal = {Math. Comp.},
 mrclass = {68.00},
 mrnumber = {228216},
 mrreviewer = {J. McKay},
 pages = {385--410},
 title = {Natural sorting over permutation spaces},
 url = {https://doi.org/10.2307/2004668},
 volume = {22},
 year = {1968}
}
