@article{baghaei:24:global,
  author        = {Baghaei, Khadijeh},
  fjournal      = {Comptes Rendus Math\'{e}matique. Acad\'{e}mie des Sciences. Paris},
  issn          = {1631-073X},
  journal       = {C. R. Math. Acad. Sci. Paris},
  mrclass       = {35K51 (35K57 92C17)},
  mrnumber      = {4824914},
  pages         = {1131--1146},
  title         = {Global boundedness of solutions to a chemotaxis consumption model with signal dependent motility and logistic source},
  volume        = {362},
  year          = {2024}
}
