@article{bagijan:75:quasipolynomials,
 author = {Bagijan, R. A.},
 fjournal = {Akademija Nauk Armjanskou{i} SSR. Doklady},
 issn = {0321-1339},
 journal = {Akad. Nauk Armjan. SSR Dokl.},
 mrclass = {41A30 (44A50)},
 mrnumber = {412683},
 mrreviewer = {R. P. Boas},
 number = {3},
 pages = {129--136},
 title = {Quasipolynomials of {B}ern\v{s}teu{i}n-{H}ausdorff type that are associated with functions of {M}ittag-{L}effler type, and the {$<\rho ,\mu >$} moment problem},
 volume = {61},
 year = {1975}
}
