@article{bai.silverstein:98:no,
  author        = {Bai, Z. D. and Silverstein, Jack W.},
  doi           = {10.1214/aop/1022855421},
  fjournal      = {The Annals of Probability},
  issn          = {0091-1798},
  journal       = {Ann. Probab.},
  mrclass       = {60F15 (62H99)},
  mrnumber      = {1617051},
  number        = {1},
  pages         = {316--345},
  title         = {No eigenvalues outside the support of the limiting spectral distribution of large-dimensional sample covariance matrices},
  url           = {https://doi.org/10.1214/aop/1022855421},
  volume        = {26},
  year          = {1998}
}
