@article{bai.silverstein:99:exact,
 author = {Bai, Z. D. and Silverstein, Jack W.},
 doi = {10.1214/aop/1022677458},
 fjournal = {The Annals of Probability},
 issn = {0091-1798},
 journal = {Ann. Probab.},
 mrclass = {60F15 (62H99)},
 mrnumber = {1733159},
 number = {3},
 pages = {1536--1555},
 title = {Exact separation of eigenvalues of large-dimensional
sample covariance matrices},
 url = {https://doi.org/10.1214/aop/1022677458},
 volume = {27},
 year = {1999}
}
