@article{bai.yao:08:central,
 author = {Bai, Zhidong and Yao, Jian-feng},
 doi = {10.1214/07-AIHP118},
 fjournal = {Annales de l'Institut Henri Poincar\'{e} Probabilit\'{e}s
et Statistiques},
 issn = {0246-0203},
 journal = {Ann. Inst. Henri Poincar\'{e} Probab. Stat.},
 mrclass = {60F05 (15A18 62E20 62H25)},
 mrnumber = {2451053},
 mrreviewer = {Florent Benaych-Georges},
 number = {3},
 pages = {447--474},
 title = {Central limit theorems for eigenvalues in a spiked
population model},
 url = {https://doi.org/10.1214/07-AIHP118},
 volume = {44},
 year = {2008}
}
