@article{bai:97:circular,
 author = {Bai, Z. D.},
 doi = {10.1214/aop/1024404298},
 fjournal = {The Annals of Probability},
 issn = {0091-1798},
 journal = {Ann. Probab.},
 mrclass = {60F15 (62H99)},
 mrnumber = {1428519},
 number = {1},
 pages = {494--529},
 title = {Circular law},
 url = {https://doi.org/10.1214/aop/1024404298},
 volume = {25},
 year = {1997}
}
