@article{bai:99:methodologies,
 author = {Bai, Z. D.},
 fjournal = {Statistica Sinica},
 issn = {1017-0405},
 journal = {Statist. Sinica},
 mrclass = {60F15 (60H25)},
 mrnumber = {1711663},
 note = {With comments by G. J. Rodgers and Jack W. Silverstein; and a rejoinder by the author},
 number = {3},
 pages = {611--677},
 title = {Methodologies in spectral analysis of large-dimensional random matrices, a review},
 volume = {9},
 year = {1999}
}
