@article{bai:93:convergence,
  author        = {Bai, Z. D.},
  fjournal      = {The Annals of Probability},
  issn          = {0091-1798},
  journal       = {Ann. Probab.},
  mrclass       = {60F15 (62H10)},
  mrnumber      = {1217559},
  mrreviewer    = {V. L. Girko},
  number        = {2},
  pages         = {625--648},
  title         = {Convergence rate of expected spectral distributions of large random matrices. {I}. {W}igner matrices},
  url           = {http://links.jstor.org/sici?sici=0091-1798(199304)21:2<625:CROESD>2.0.CO;2-W&origin=MSN},
  volume        = {21},
  year          = {1993}
}
