@article{baik.rains:00:limiting,
 author = {Baik, Jinho and Rains, Eric M.},
 doi = {10.1023/A:1018615306992},
 fjournal = {Journal of Statistical Physics},
 issn = {0022-4715},
 journal = {J. Statist. Phys.},
 mrclass = {82C24 (60K35 82C44)},
 mrnumber = {1788477},
 mrreviewer = {David J. Aldous},
 number = {3-4},
 pages = {523--541},
 title = {Limiting distributions for a polynuclear growth model with
external sources},
 url = {https://doi.org/10.1023/A:1018615306992},
 volume = {100},
 year = {2000}
}
