@incollection{baik.deift.ea:03:products,
 author = {Baik, Jinho and Deift, Percy and Strahov, Eugene},
 doi = {10.1063/1.1587875},
 fjournal = {Journal of Mathematical Physics},
 issn = {0022-2488,1089-7658},
 journal = {J. Math. Phys.},
 mrclass = {82B44 (15A52)},
 mrnumber = {2006773},
 note = {Integrability, topological solitons and beyond},
 number = {8},
 pages = {3657--3670},
 title = {Products and ratios of characteristic polynomials of
random {H}ermitian matrices},
 url = {https://doi.org/10.1063/1.1587875},
 volume = {44},
 year = {2003}
}
