@article{baik.rains:01:algebraic,
 author = {Baik, Jinho and Rains, Eric M.},
 doi = {10.1215/S0012-7094-01-10911-3},
 fjournal = {Duke Mathematical Journal},
 issn = {0012-7094,1547-7398},
 journal = {Duke Math. J.},
 mrclass = {05E15 (05A15 05E05 60C05)},
 mrnumber = {1844203},
 mrreviewer = {Ira\ Gessel},
 number = {1},
 pages = {1--65},
 title = {Algebraic aspects of increasing subsequences},
 url = {https://doi.org/10.1215/S0012-7094-01-10911-3},
 volume = {109},
 year = {2001}
}
