@book{baik.kriecherbauer.ea:07:discrete,
 author = {Baik, J. and Kriecherbauer, T. and McLaughlin, K. T.-R. and Miller, P. D.},
 isbn = {978-0-691-12734-7; 0-691-12734-4},
 mrclass = {42C05 (30E25 33C45 35Q15 37K10 37K60 60C05 82B20)},
 mrnumber = {2283089},
 mrreviewer = {Sylvie\ Corteel},
 note = {Asymptotics and applications},
 pages = {viii+170},
 publisher = {Princeton University Press, Princeton, NJ},
 series = {Annals of Mathematics Studies},
 title = {Discrete orthogonal polynomials},
 volume = {164},
 year = {2007}
}
