@book{baik.deift.ea:16:combinatorics,
  author        = {Baik, Jinho and Deift, Percy and Suidan, Toufic},
  doi           = {10.1090/gsm/172},
  isbn          = {978-0-8218-4841-8},
  mrclass       = {60B20 (30E25 33E17 41A60 47B35 82C23)},
  mrnumber      = {3468920},
  mrreviewer    = {Terence\ Tao},
  pages         = {xi+461},
  publisher     = {American Mathematical Society, Providence, RI},
  series        = {Graduate Studies in Mathematics},
  title         = {Combinatorics and random matrix theory},
  url           = {https://doi.org/10.1090/gsm/172},
  volume        = {172},
  year          = {2016}
}
