@incollection{baik.barraquand.ea:18:facilitated,
  author        = {Baik, Jinho and Barraquand, Guillaume and Corwin, Ivan and Suidan, Toufic},
  booktitle     = {Computation and combinatorics in dynamics, stochastics and control},
  mrclass       = {60K35},
  mrnumber      = {3967378},
  mrreviewer    = {Hirofumi Osada},
  pages         = {1--35},
  publisher     = {Springer, Cham},
  series        = {Abel Symp.},
  title         = {Facilitated exclusion process},
  volume        = {13},
  year          = {2018}
}
