@article{baik.rains:01:asymptotics,
  author        = {Baik, Jinho and Rains, Eric M.},
  doi           = {10.1215/S0012-7094-01-10921-6},
  fjournal      = {Duke Mathematical Journal},
  issn          = {0012-7094},
  journal       = {Duke Math. J.},
  mrclass       = {60C05 (05E10 45E10)},
  mrnumber      = {1845180},
  mrreviewer    = {Bernhard Gittenberger},
  number        = {2},
  pages         = {205--281},
  title         = {The asymptotics of monotone subsequences of involutions},
  url           = {https://doi.org/10.1215/S0012-7094-01-10921-6},
  volume        = {109},
  year          = {2001}
}
