@incollection{baik.rains:01:symmetrized,
  author        = {Baik, Jinho and Rains, Eric M.},
  booktitle     = {Random matrix models and their applications},
  doi           = {10.2977/prims/1145475964},
  mrclass       = {82B41 (60C05 82B05 82B43)},
  mrnumber      = {1842780},
  mrreviewer    = {Estelle L. Basor},
  pages         = {1--19},
  publisher     = {Cambridge Univ. Press, Cambridge},
  series        = {Math. Sci. Res. Inst. Publ.},
  title         = {Symmetrized random permutations},
  url           = {https://doi.org/10.2977/prims/1145475964},
  volume        = {40},
  year          = {2001}
}
