@article{baker.forrester:97:finite-n,
  author        = {Baker, T. H. and Forrester, P. J.},
  doi           = {10.1007/BF02732439},
  fjournal      = {Journal of Statistical Physics},
  issn          = {0022-4715},
  journal       = {J. Statist. Phys.},
  mrclass       = {82B41 (11Z05)},
  mrnumber      = {1478074},
  mrreviewer    = {Estelle L. Basor},
  number        = {5-6},
  pages         = {1371--1386},
  title         = {Finite-{$N$} fluctuation formulas for random matrices},
  url           = {https://doi.org/10.1007/BF02732439},
  volume        = {88},
  year          = {1997}
}
