@article{bakhtin.mattingly:07:malliavin,
  author        = {Bakhtin, Yuri and Mattingly, Jonathan C.},
  doi           = {10.1016/j.jfa.2007.02.011},
  fjournal      = {Journal of Functional Analysis},
  issn          = {0022-1236,1096-0783},
  journal       = {J. Funct. Anal.},
  mrclass       = {60H07 (76D05 76M35)},
  mrnumber      = {2345335},
  mrreviewer    = {Sandra\ Cerrai},
  number        = {2},
  pages         = {307--353},
  title         = {Malliavin calculus for infinite-dimensional systems with additive noise},
  url           = {https://doi.org/10.1016/j.jfa.2007.02.011},
  volume        = {249},
  year          = {2007}
}
