@article{bakhtin.mueller:10:solutions,
 author = {Bakhtin, Yuri and Mueller, Carl},
 doi = {10.31390/cosa.4.3.07},
 fjournal = {Communications on Stochastic Analysis},
 journal = {Commun. Stoch. Anal.},
 mrclass = {60H30 (35R60 60H15)},
 mrnumber = {2677199},
 mrreviewer = {Konstantinos B. Liaskos},
 number = {3},
 pages = {425--431},
 title = {Solutions of semilinear wave equation via stochastic
cascades},
 url = {https://doi.org/10.31390/cosa.4.3.07},
 volume = {4},
 year = {2010}
}
