@article{bakhtin.mattingly:05:stationary,
  author        = {Bakhtin, Yuri and Mattingly, Jonathan C.},
  doi           = {10.1142/S0219199705001878},
  fjournal      = {Communications in Contemporary Mathematics},
  issn          = {0219-1997,1793-6683},
  journal       = {Commun. Contemp. Math.},
  mrclass       = {60H10 (35Q30 35R60 37H10 60H15 76D05 76M35)},
  mrnumber      = {2175090},
  mrreviewer    = {Pedro\ Mar\'in Rubio},
  number        = {5},
  pages         = {553--582},
  title         = {Stationary solutions of stochastic differential equations with memory and stochastic partial differential equations},
  url           = {https://doi.org/10.1142/S0219199705001878},
  volume        = {7},
  year          = {2005}
}
