@incollection{bakry:06:functional,
  author        = {Bakry, Dominique},
  booktitle     = {Probability measures on groups: recent directions and trends},
  mrclass       = {60J35 (60J25 60J45)},
  mrnumber      = {2213477},
  mrreviewer    = {Kazuaki Taira},
  pages         = {91--147},
  publisher     = {Tata Inst. Fund. Res., Mumbai},
  title         = {Functional inequalities for {M}arkov semigroups},
  year          = {2006}
}
