@incollection{bakry.emery:85:diffusions,
  author        = {Bakry, D. and \'{E}mery, Michel},
  booktitle     = {S\'{e}minaire de probabilit\'{e}s, {XIX}, 1983/84},
  doi           = {10.1007/BFb0075847},
  mrclass       = {60J60 (58C40 58G32)},
  mrnumber      = {889476},
  mrreviewer    = {Jacques Vauthier},
  pages         = {177--206},
  publisher     = {Springer, Berlin},
  series        = {Lecture Notes in Math.},
  title         = {Diffusions hypercontractives},
  url           = {https://doi.org/10.1007/BFb0075847},
  volume        = {1123},
  year          = {1985}
}
