@article{bal.gu.ea:18:radiative*2,
 author = {Bal, Guillaume and Gu, Yu and Pinaud, Olivier},
 doi = {10.1080/03605302.2018.1472105},
 fjournal = {Communications in Partial Differential Equations},
 issn = {0360-5302},
 journal = {Comm. Partial Differential Equations},
 mrclass = {35Q41 (35R60 60G60 60H15)},
 mrnumber = {3920520},
 mrreviewer = {Le Chen},
 number = {5},
 pages = {699--732},
 title = {Radiative transport limit of {D}irac equations with random electromagnetic field},
 url = {https://doi.org/10.1080/03605302.2018.1472105},
 volume = {43},
 year = {2018}
}
