@article{bal:11:convergence,
 author = {Bal, Guillaume},
 doi = {10.1093/amrx/abr006},
 fjournal = {Applied Mathematics Research Express. AMRX},
 issn = {1687-1200},
 journal = {Appl. Math. Res. Express. AMRX},
 mrclass = {35K30 (35B25 35B27 35K15 35R60 60H15)},
 mrnumber = {2835990},
 mrreviewer = {Manuela Chaves},
 number = {2},
 pages = {215--241},
 title = {Convergence to homogenized or stochastic partial
differential equations},
 url = {https://doi.org/10.1093/amrx/abr006},
 year = {2011}
}
