@article{balan.zheng:24:hyperbolic,
  author        = {Balan, Raluca and Zheng, Guangqu},
  doi           = {10.1090/tran/9135},
  fjournal      = {Transactions of the American Mathematical Society},
  issn          = {0002-9947,1088-6850},
  journal       = {Trans. Amer. Math. Soc.},
  mrclass       = {60H15 (60F05 60G51 60H07)},
  mrnumber      = {4748618},
  mrreviewer    = {Martin\ Ondrej\'at},
  number        = {6},
  pages         = {4171--4221},
  title         = {Hyperbolic {A}nderson model with {L}\'evy white noise: spatial ergodicity and fluctuation},
  url           = {https://doi.org/10.1090/tran/9135},
  volume        = {377},
  year          = {2024}
}
