@article{balan.yuan:24:hyperbolic,
  author        = {Balan, Raluca M. and Yuan, Wangjun},
  doi           = {10.1214/24-ejp1239},
  fjournal      = {Electronic Journal of Probability},
  issn          = {1083-6489},
  journal       = {Electron. J. Probab.},
  mrclass       = {60H15 (60F05 60G22 60H07)},
  mrnumber      = {4836011},
  pages         = {Paper No. 177, 52},
  title         = {Hyperbolic {A}nderson model with time-independent rough noise: {G}aussian fluctuations},
  url           = {https://doi.org/10.1214/24-ejp1239},
  volume        = {29},
  year          = {2024}
}
