@article{balan.stoica:07:note,
 author = {Balan, Raluca and Stoica, George},
 fjournal = {Annales des Sciences Math\'{e}matiques du Qu\'{e}bec},
 issn = {0707-9109},
 journal = {Ann. Sci. Math. Qu\'{e}bec},
 mrclass = {60F05},
 mrnumber = {2440241},
 mrreviewer = {Hari Bercovici},
 number = {1},
 pages = {23--30},
 title = {A note on the weak law of large numbers for free random
variables},
 volume = {31},
 year = {2007}
}
