@article{balazs.cator.ea:06:cube,
 author = {Bal\'{a}zs, M. and Cator, E. and Sepp\"{a}l\"{a}inen, T.},
 doi = {10.1214/EJP.v11-366},
 fjournal = {Electronic Journal of Probability},
 issn = {1083-6489},
 journal = {Electron. J. Probab.},
 mrclass = {60K35 (82C43)},
 mrnumber = {2268539},
 mrreviewer = {Glauco Valle},
 pages = {no. 42, 1094--1132},
 title = {Cube root fluctuations for the corner growth model associated to the exclusion process},
 url = {https://doi.org/10.1214/EJP.v11-366},
 volume = {11},
 year = {2006}
}
