@book{balan:01:set-markov,
  author        = {Balan, Raluca M.},
  isbn          = {978-0612-66119-6},
  mrclass       = {Thesis},
  mrnumber      = {2703079},
  note          = {Thesis (Ph.D.)--University of Ottawa (Canada)},
  pages         = {198},
  publisher     = {ProQuest LLC, Ann Arbor, MI},
  title         = {Set-{M}arkov processes},
  url           = {http://gateway.proquest.com/openurl?url_ver=Z39.88-2004&rft_val_fmt=info:ofi/fmt:kev:mtx:dissertation&res_dat=xri:pqdiss&rft_dat=xri:pqdiss:NQ66119},
  year          = {2001}
}
