@article{balan:23:stochastic,
  author        = {Balan, Raluca},
  doi           = {10.30757/alea.v20-16},
  fjournal      = {ALEA. Latin American Journal of Probability and Mathematical Statistics},
  issn          = {1980-0436},
  journal       = {ALEA Lat. Am. J. Probab. Math. Stat.},
  mrclass       = {60H15 (60G51 60G60)},
  mrnumber      = {4567717},
  mrreviewer    = {Yaozhong\ Hu},
  number        = {1},
  pages         = {463--496},
  title         = {Stochastic wave equation with {L}\'evy white noise},
  url           = {https://doi.org/10.30757/alea.v20-16},
  volume        = {20},
  year          = {2023}
}
