@article{balan.tudor:10:stochastic*1,
  author        = {Balan, Raluca M. and Tudor, Ciprian A.},
  doi           = {10.1016/j.spa.2010.08.006},
  fjournal      = {Stochastic Processes and their Applications},
  issn          = {0304-4149},
  journal       = {Stochastic Process. Appl.},
  mrclass       = {60H15 (60G60 60H05)},
  mrnumber      = {2728174},
  mrreviewer    = {Llu\'{i}s Quer-Sardanyons},
  number        = {12},
  pages         = {2468--2494},
  title         = {The stochastic wave equation with fractional noise: a random field approach},
  url           = {https://doi.org/10.1016/j.spa.2010.08.006},
  volume        = {120},
  year          = {2010}
}
