@article{balazs.busani.ea:21:local,
 author = {Bal\'{a}zs, M\'{a}rton and Busani, Ofer and Sepp\"{a}l\"{a}inen, Timo},
 doi = {10.1007/s00440-021-01035-7},
 fjournal = {Probability Theory and Related Fields},
 issn = {0178-8051},
 journal = {Probab. Theory Related Fields},
 mrclass = {60K35 (60K37)},
 mrnumber = {4265019},
 number = {1-2},
 pages = {113--162},
 title = {Local stationarity in exponential last-passage percolation},
 url = {https://doi.org/10.1007/s00440-021-01035-7},
 volume = {180},
 year = {2021}
}
