@article{balan:12:linear,
  author        = {Balan, Raluca M.},
  doi           = {10.1007/s00041-012-9240-7},
  fjournal      = {The Journal of Fourier Analysis and Applications},
  issn          = {1069-5869},
  journal       = {J. Fourier Anal. Appl.},
  mrclass       = {60H15 (60G22 60G60 60H05)},
  mrnumber      = {3000977},
  mrreviewer    = {Mar\'{i}a J. Garrido-Atienza},
  number        = {6},
  pages         = {1113--1145},
  title         = {Linear {SPDE}s driven by stationary random distributions},
  url           = {https://doi.org/10.1007/s00041-012-9240-7},
  volume        = {18},
  year          = {2012}
}
