@article{balan.yuan:23:central,
  author        = {Balan, Raluca M. and Yuan, Wangjun},
  doi           = {10.1142/S0219025722500291},
  fjournal      = {Infinite Dimensional Analysis, Quantum Probability and Related Topics},
  issn          = {0219-0257,1793-6306},
  journal       = {Infin. Dimens. Anal. Quantum Probab. Relat. Top.},
  mrclass       = {60H15 (60F05 60G15 60H07)},
  mrnumber      = {4598108},
  mrreviewer    = {Ciprian\ A.\ Tudor},
  number        = {2},
  pages         = {Paper No. 2250029, 47},
  title         = {Central limit theorems for heat equation with time-independent noise: the regular and rough cases},
  url           = {https://doi.org/10.1142/S0219025722500291},
  volume        = {26},
  year          = {2023}
}
