@article{balan.jankovic:19:asymptotic,
 author = {Balan, R. M. and Jankovic, D.},
 doi = {10.3103/S1066530719020017},
 fjournal = {Mathematical Methods of Statistics},
 issn = {1066-5307},
 journal = {Math. Methods Statist.},
 mrclass = {62F12 (62J12)},
 mrnumber = {3989317},
 mrreviewer = {Chunpeng Fan},
 number = {2},
 pages = {83--103},
 title = {Asymptotic theory for longitudinal data with missing responses adjusted by inverse probability weights},
 url = {https://doi.org/10.3103/S1066530719020017},
 volume = {28},
 year = {2019}
}
