@article{balan.louhichi:11:cluster-limit,
 author = {Balan, Raluca and Louhichi, Sana},
 doi = {10.1080/02331888.2010.541252},
 fjournal = {Statistics. A Journal of Theoretical and Applied Statistics},
 issn = {0233-1888},
 journal = {Statistics},
 mrclass = {60G55 (60E07 60F05 60G70)},
 mrnumber = {2772151},
 number = {1},
 pages = {3--18},
 title = {A cluster-limit theorem for infinitely divisible point processes},
 url = {https://doi.org/10.1080/02331888.2010.541252},
 volume = {45},
 year = {2011}
}
