@article{balazs.rassoul-agha.ea:19:large,
 author = {Bal\'{a}zs, M\'{a}rton and Rassoul-Agha, Firas and Sepp\"{a}l\"{a}inen, Timo},
 doi = {10.1214/18-AOP1306},
 fjournal = {The Annals of Probability},
 issn = {0091-1798},
 journal = {Ann. Probab.},
 mrclass = {60K35 (60F10 60K37)},
 mrnumber = {3980919},
 mrreviewer = {Jonathon R. Peterson},
 number = {4},
 pages = {2186--2229},
 title = {Large deviations and wandering exponent for random walk in a dynamic beta environment},
 url = {https://doi.org/10.1214/18-AOP1306},
 volume = {47},
 year = {2019}
}
