@article{balazs.seppalainen:07:exact,
 author = {Bal\'{a}zs, M\'{a}rton and Sepp\"{a}l\"{a}inen, Timo},
 doi = {10.1007/s10955-007-9291-3},
 fjournal = {Journal of Statistical Physics},
 issn = {0022-4715},
 journal = {J. Stat. Phys.},
 mrclass = {82C22 (60K35 82C41)},
 mrnumber = {2314355},
 mrreviewer = {Wolfgang Freudenberg},
 number = {2},
 pages = {431--455},
 title = {Exact connections between current fluctuations and the second class particle in a class of deposition models},
 url = {https://doi.org/10.1007/s10955-007-9291-3},
 volume = {127},
 year = {2007}
}
