@article{balan.huang.ea:25:gaussian,
  author        = {Balan, Raluca M. and Huang, Jingyu and Wang, Xiong and Xia, Panqiu and Yuan, Wangjun},
  doi           = {10.1016/j.spa.2025.104569},
  fjournal      = {Stochastic Processes and their Applications},
  issn          = {0304-4149,1879-209X},
  journal       = {Stochastic Process. Appl.},
  mrclass       = {60H15 (60F05 60G15 60H07)},
  mrnumber      = {4854732},
  mrreviewer    = {Vadym\ Radchenko},
  pages         = {Paper No. 104569, 22},
  title         = {Gaussian fluctuations for the wave equation under rough random perturbations},
  url           = {https://doi.org/10.1016/j.spa.2025.104569},
  volume        = {182},
  year          = {2025}
}
