@article{balan.tudor:09:erratum,
 author = {Balan, Raluca M. and Tudor, Ciprian A.},
 fjournal = {ALEA. Latin American Journal of Probability and Mathematical Statistics},
 journal = {ALEA Lat. Am. J. Probab. Math. Stat.},
 mrclass = {60H15 (35K15 35R60 60H05)},
 mrnumber = {2557874},
 pages = {343--347},
 title = {Erratum to: ``{T}he stochastic heat equation with fractional-colored noise: existence of the solution'' [MR2413088]},
 volume = {6},
 year = {2009}
}
