@article{balazs.busani.ea:20:non-existence,
 author = {Bal\'{a}zs, M\'{a}rton and Busani, Ofer and
Sepp\"{a}l\"{a}inen, Timo},
 doi = {10.1017/fms.2020.31},
 fjournal = {Forum of Mathematics. Sigma},
 journal = {Forum Math. Sigma},
 mrclass = {60K35 (60K37)},
 mrnumber = {4176750},
 pages = {Paper No. e46, 34},
 title = {Non-existence of bi-infinite geodesics in the exponential
corner growth model},
 url = {https://doi.org/10.1017/fms.2020.31},
 volume = {8},
 year = {2020}
}
