@article{balan:04:q-markov,
 author = {Balan, R. M.},
 doi = {10.1016/j.spa.2003.09.011},
 fjournal = {Stochastic Processes and their Applications},
 issn = {0304-4149},
 journal = {Stochastic Process. Appl.},
 mrclass = {60G57 (60B05)},
 mrnumber = {2031771},
 mrreviewer = {John Verzani},
 number = {2},
 pages = {295--316},
 title = {{$Q$}-{M}arkov random probability measures and their posterior distributions},
 url = {https://doi.org/10.1016/j.spa.2003.09.011},
 volume = {109},
 year = {2004}
}
