@article{balan.quer-sardanyons.ea:19:existence,
  author        = {Balan, Raluca M. and Quer-Sardanyons, Llu\'{i}s and Song, Jian},
  doi           = {10.1214/19-ejp363},
  fjournal      = {Electronic Journal of Probability},
  journal       = {Electron. J. Probab.},
  mrclass       = {60H15 (60H07)},
  mrnumber      = {4017124},
  mrreviewer    = {Jan I. Seidler},
  pages         = {Paper No. 106, 43},
  title         = {Existence of density for the stochastic wave equation with space-time homogeneous {G}aussian noise},
  url           = {https://doi.org/10.1214/19-ejp363},
  volume        = {24},
  year          = {2019}
}
