@article{baldi.roynette:92:some,
 author = {Baldi, P. and Roynette, B.},
 doi = {10.1007/BF01192717},
 fjournal = {Probability Theory and Related Fields},
 issn = {0178-8051},
 journal = {Probab. Theory Related Fields},
 mrclass = {60J65 (60F15)},
 mrnumber = {1183887},
 mrreviewer = {Endre Cs\'{a}ki},
 number = {4},
 pages = {457--484},
 title = {Some exact equivalents for the {B}rownian motion in
{H}\"{o}lder norm},
 url = {https://doi.org/10.1007/BF01192717},
 volume = {93},
 year = {1992}
}
