@incollection{baldi.sanz-sole:93:modulus,
 author = {Baldi, Paolo and Sanz-Sol\'{e}, Marta},
 booktitle = {Barcelona {S}eminar on {S}tochastic {A}nalysis ({S}t. {F}eliu de {G}u\'{i}xols, 1991)},
 mrclass = {60H10 (60J60)},
 mrnumber = {1265040},
 mrreviewer = {Mireille Chaleyat-Maurel},
 pages = {1--20},
 publisher = {Birkh\"{a}user, Basel},
 series = {Progr. Probab.},
 title = {Modulus of continuity for stochastic flows},
 volume = {32},
 year = {1993}
}
