@article{bally.pardoux:98:malliavin,
 author = {Bally, Vlad and Pardoux, Etienne},
 doi = {10.1023/A:1008686922032},
 fjournal = {Potential Analysis. An International Journal Devoted to the Interactions between Potential Theory, Probability Theory, Geometry and Functional Analysis},
 issn = {0926-2601},
 journal = {Potential Anal.},
 mrclass = {60H07 (35K99 35R60 60H15)},
 mrnumber = {1644120},
 mrreviewer = {Ana Bela Cruzeiro},
 number = {1},
 pages = {27--64},
 title = {Malliavin calculus for white noise driven parabolic {SPDE}s},
 url = {https://doi.org/10.1023/A:1008686922032},
 volume = {9},
 year = {1998}
}
