@article{bandle.brunner:98:blowup,
 author = {Bandle, Catherine and Brunner, Hermann},
 doi = {10.1016/S0377-0427(98)00100-9},
 fjournal = {Journal of Computational and Applied Mathematics},
 issn = {0377-0427},
 journal = {J. Comput. Appl. Math.},
 mrclass = {35K57 (35B05 65Mxx)},
 mrnumber = {1651764},
 number = {1-2},
 pages = {3--22},
 title = {Blowup in diffusion equations: a survey},
 url = {https://doi.org/10.1016/S0377-0427(98)00100-9},
 volume = {97},
 year = {1998}
}
