@article{bankoff:69:comparison,
  author        = {Bankoff, Leon},
  fjournal      = {Univerzitet u Beogradu. Publikacije Elektrotehni\v{c}kog Fakulteta. Serija Matematika i Fizika},
  issn          = {0522-8441},
  journal       = {Univ. Beograd. Publ. Elektrotehn. Fak. Ser. Mat. Fiz.},
  mrclass       = {52.40},
  mrnumber      = {253155},
  mrreviewer    = {J. B. Wilker},
  pages         = {51--52},
  title         = {A comparison of two trigonometric inequalities},
  volume        = {No. 2},
  year          = {1969}
}
