@book{banks.aliaga.ea:15:adversarial,
  author        = {Banks, David L and Aliaga, Jesus M Rios and Insua, David R{\'\i}os},
  publisher     = {CRC Press},
  title         = {Adversarial Risk Analysis},
  year          = {2015}
}
