@article{banuelos.mijena.ea:14:two-term,
 author = {Ba\~{n}uelos, Rodrigo and Mijena, Jebessa B. and Nane,
Erkan},
 doi = {10.1016/j.jmaa.2013.09.015},
 fjournal = {Journal of Mathematical Analysis and Applications},
 issn = {0022-247X},
 journal = {J. Math. Anal. Appl.},
 mrclass = {60G52 (60J35)},
 mrnumber = {3111870},
 mrreviewer = {Longmin Wang},
 number = {2},
 pages = {837--846},
 title = {Two-term trace estimates for relativistic stable
processes},
 url = {https://doi.org/10.1016/j.jmaa.2013.09.015},
 volume = {410},
 year = {2014}
}
