@article{barbu.marinelli:09:strong,
  author        = {Barbu, Viorel and Marinelli, Carlo},
  doi           = {10.1142/S0219025709003732},
  fjournal      = {Infinite Dimensional Analysis, Quantum Probability and Related Topics},
  issn          = {0219-0257},
  journal       = {Infin. Dimens. Anal. Quantum Probab. Relat. Top.},
  mrclass       = {60H15 (35R60 60G51 76M35 76S05)},
  mrnumber      = {2572464},
  mrreviewer    = {David Applebaum},
  number        = {3},
  pages         = {413--426},
  title         = {Strong solutions for stochastic porous media equations with jumps},
  url           = {https://doi.org/10.1142/S0219025709003732},
  volume        = {12},
  year          = {2009}
}
