@article{barbato.bianchi.ea:13:dyadic,
 author = {Barbato, David and Bianchi, Luigi Amedeo and Flandoli,
Franco and Morandin, Francesco},
 doi = {10.1063/1.4792488},
 fjournal = {Journal of Mathematical Physics},
 issn = {0022-2488},
 journal = {J. Math. Phys.},
 mrclass = {34A35 (76F20)},
 mrnumber = {3076367},
 mrreviewer = {Yanguang (Charles) Li},
 number = {2},
 pages = {021507, 20},
 title = {A dyadic model on a tree},
 url = {https://doi.org/10.1063/1.4792488},
 volume = {54},
 year = {2013}
}
