@article{barbato.barsanti.ea:06:some,
  author        = {Barbato, D. and Barsanti, M. and Bessaih, H. and Flandoli, F.},
  doi           = {10.1007/s10955-006-9203-y},
  fjournal      = {Journal of Statistical Physics},
  issn          = {0022-4715,1572-9613},
  journal       = {J. Stat. Phys.},
  mrclass       = {76F55 (76M35 82D15)},
  mrnumber      = {2281460},
  number        = {3},
  pages         = {677--716},
  title         = {Some rigorous results on a stochastic {GOY} model},
  url           = {https://doi.org/10.1007/s10955-006-9203-y},
  volume        = {125},
  year          = {2006}
}
