@book{barbu.da-prato.ea:16:stochastic,
  author        = {Barbu, Viorel and Da Prato, Giuseppe and R\"{o}ckner, Michael},
  doi           = {10.1007/978-3-319-41069-2},
  isbn          = {978-3-319-41068-5; 978-3-319-41069-2},
  mrclass       = {60H15 (35K57 35R60 76S05)},
  mrnumber      = {3560817},
  mrreviewer    = {Bohdan Maslowski},
  pages         = {ix+202},
  publisher     = {Springer, [Cham]},
  series        = {Lecture Notes in Mathematics},
  title         = {Stochastic porous media equations},
  url           = {https://doi.org/10.1007/978-3-319-41069-2},
  volume        = {2163},
  year          = {2016}
}
