@article{bardina.jolis.ea:03:weak,
  author        = {Bardina, Xavier and Jolis, Maria and Tudor, Ciprian A.},
  doi           = {10.1016/j.spl.2003.09.001},
  fjournal      = {Statistics \& Probability Letters},
  issn          = {0167-7152,1879-2103},
  journal       = {Statist. Probab. Lett.},
  mrclass       = {60G15},
  mrnumber      = {2039877},
  mrreviewer    = {Carles\ Rovira},
  number        = {4},
  pages         = {317--329},
  title         = {Weak convergence to the fractional {B}rownian sheet and other two-parameter {G}aussian processes},
  url           = {https://doi.org/10.1016/j.spl.2003.09.001},
  volume        = {65},
  year          = {2003}
}
