@article{bardina.jolis.ea:10:weak,
  author        = {Bardina, Xavier and Jolis, Maria and Quer-Sardanyons, Llu\'{i}s},
  doi           = {10.1214/EJP.v15-792},
  fjournal      = {Electronic Journal of Probability},
  journal       = {Electron. J. Probab.},
  mrclass       = {60B12 (60G60 60H15)},
  mrnumber      = {2678391},
  pages         = {no. 39, 1267--1295},
  title         = {Weak convergence for the stochastic heat equation driven by {G}aussian white noise},
  url           = {https://doi.org/10.1214/EJP.v15-792},
  volume        = {15},
  year          = {2010}
}
