@article{bardina.rovira.ea:02:asymptotic,
 author = {Bardina, Xavier and Rovira, Carles and Tindel, Samy},
 doi = {10.4064/am29-2-3},
 fjournal = {Applicationes Mathematicae},
 issn = {1233-7234},
 journal = {Appl. Math. (Warsaw)},
 mrclass = {60J75 (60F10)},
 mrnumber = {1923611},
 mrreviewer = {Jan M. Swart},
 number = {2},
 pages = {145--156},
 title = {Asymptotic evaluation of the {P}oisson measures for tubes
around jump curves},
 url = {https://doi.org/10.4064/am29-2-3},
 volume = {29},
 year = {2002}
}
