@incollection{barlow.bass:99:random,
 author = {Barlow, Martin T. and Bass, Richard F.},
 booktitle = {Random walks and discrete potential theory ({C}ortona, 1997)},
 mrclass = {60J10 (31C20 35K05)},
 mrnumber = {1802425},
 mrreviewer = {Ben Hambly},
 pages = {26--55},
 publisher = {Cambridge Univ. Press, Cambridge},
 series = {Sympos. Math., XXXIX},
 title = {Random walks on graphical {S}ierpinski carpets},
 year = {1999}
}
