@incollection{barndorff-nielsen.schmiegel:07:ambit,
  author        = {Barndorff-Nielsen, Ole E. and Schmiegel, J\"{u}rgen},
  booktitle     = {Stochastic analysis and applications},
  doi           = {10.1007/978-3-540-70847-6\_5},
  mrclass       = {60G60 (76F55 76M35 92C15 92C50)},
  mrnumber      = {2397785},
  mrreviewer    = {Alexander D. Ukhlov},
  pages         = {93--124},
  publisher     = {Springer, Berlin},
  series        = {Abel Symp.},
  title         = {Ambit processes: with applications to turbulence and tumour growth},
  url           = {https://doi.org/10.1007/978-3-540-70847-6_5},
  volume        = {2},
  year          = {2007}
}
