@book{barnes.hutton.ea:89:introduction,
 author = {Barnes, Howard A and Hutton, John Fletcher and Walters, Kenneth},
 publisher = {Elsevier},
 title = {An introduction to rheology},
 volume = {3},
 year = {1989}
}
