@article{barral.qu:11:multifractals,
  author        = {Barral, Julien and Qu, Yan-Hui},
  doi           = {10.1088/0951-7715/24/10/008},
  fjournal      = {Nonlinearity},
  issn          = {0951-7715,1361-6544},
  journal       = {Nonlinearity},
  mrclass       = {81Q20 (26A30 28A80 34L40 37D35)},
  mrnumber      = {2842185},
  mrreviewer    = {Alberto\ Parmeggiani},
  number        = {10},
  pages         = {2785--2811},
  title         = {Multifractals in {W}eyl asymptotic distribution},
  url           = {https://doi.org/10.1088/0951-7715/24/10/008},
  volume        = {24},
  year          = {2011}
}
