@article{barral:97:variante,
  author        = {Barral, Julien},
  doi           = {10.1016/S0764-4442(97)80110-3},
  fjournal      = {Comptes Rendus de l'Acad\'emie des Sciences. S\'erie I. Math\'ematique},
  issn          = {0764-4442},
  journal       = {C. R. Acad. Sci. Paris S\'er. I Math.},
  mrclass       = {60G42},
  mrnumber      = {1435594},
  number        = {1},
  pages         = {93--98},
  title         = {Une variante des martingales de {B}. {M}andelbrot},
  url           = {https://doi.org/10.1016/S0764-4442(97)80110-3},
  volume        = {324},
  year          = {1997}
}
