@article{barral.rhodes.ea:12:limiting,
  author        = {Barral, Julien and Rhodes, R\'{e}mi and Vargas, Vincent},
  doi           = {10.1016/j.crma.2012.05.013},
  fjournal      = {Comptes Rendus Math\'{e}matique. Acad\'{e}mie des Sciences. Paris},
  issn          = {1631-073X},
  journal       = {C. R. Math. Acad. Sci. Paris},
  mrclass       = {60J80 (60B10 60F15 60G50)},
  mrnumber      = {2929063},
  number        = {9-10},
  pages         = {535--538},
  title         = {Limiting laws of supercritical branching random walks},
  url           = {https://doi.org/10.1016/j.crma.2012.05.013},
  volume        = {350},
  year          = {2012}
}
