@article{barral.kupiainen.ea:15:basic,
 author = {Barral, Julien and Kupiainen, Antti and Nikula, Miika and
Saksman, Eero and Webb, Christian},
 doi = {10.1214/14-AOP931},
 fjournal = {The Annals of Probability},
 issn = {0091-1798,2168-894X},
 journal = {Ann. Probab.},
 mrclass = {60G57 (60G18)},
 mrnumber = {3395460},
 number = {5},
 pages = {2205--2249},
 title = {Basic properties of critical lognormal multiplicative
chaos},
 url = {https://doi.org/10.1214/14-AOP931},
 volume = {43},
 year = {2015}
}
