@article{barral.seuret:07:heterogeneous,
 author = {Barral, Julien and Seuret, St\'ephane},
 doi = {10.1007/s00574-007-0056-z},
 fjournal = {Bulletin of the Brazilian Mathematical Society. New Series. Boletim da Sociedade Brasileira de Matem\'atica},
 issn = {1678-7544,1678-7714},
 journal = {Bull. Braz. Math. Soc. (N.S.)},
 mrclass = {28A80 (11K55 28A78 37A45)},
 mrnumber = {2344210},
 mrreviewer = {Raby\ Guerbaz},
 number = {3},
 pages = {467--515},
 title = {Heterogeneous ubiquitous systems in {$\Bbb R^d$} and {H}ausdorff dimension},
 url = {https://doi.org/10.1007/s00574-007-0056-z},
 volume = {38},
 year = {2007}
}
