@article{barral.seuret:11:localized,
 author = {Barral, Julien and Seuret, St\'ephane},
 doi = {10.1016/j.aim.2010.10.011},
 fjournal = {Advances in Mathematics},
 issn = {0001-8708,1090-2082},
 journal = {Adv. Math.},
 mrclass = {11J83 (11K55 28A80)},
 mrnumber = {2764886},
 mrreviewer = {Henrietta\ Dickinson},
 number = {4},
 pages = {3191--3215},
 title = {A localized {J}arn\'ik-{B}esicovitch theorem},
 url = {https://doi.org/10.1016/j.aim.2010.10.011},
 volume = {226},
 year = {2011}
}
