@article{barral.seuret:04:sums,
  author        = {Barral, Julien and Seuret, St\'ephane},
  doi           = {10.1016/j.crma.2004.10.001},
  fjournal      = {Comptes Rendus Math\'ematique. Acad\'emie des Sciences. Paris},
  issn          = {1631-073X,1778-3569},
  journal       = {C. R. Math. Acad. Sci. Paris},
  mrclass       = {28A80 (28A12)},
  mrnumber      = {2110382},
  number        = {11},
  pages         = {787--792},
  title         = {Sums of {D}irac masses and conditioned ubiquity},
  url           = {https://doi.org/10.1016/j.crma.2004.10.001},
  volume        = {339},
  year          = {2004}
}
