@article{barral.jin:22:on,
 author = {Barral, Julien and Jin, Xiong},
 doi = {10.1093/imrn/rnab125},
 fjournal = {International Mathematics Research Notices. IMRN},
 issn = {1073-7928,1687-0247},
 journal = {Int. Math. Res. Not. IMRN},
 mrclass = {37A05 (28A99 37B10 60G42 60G57)},
 mrnumber = {4485947},
 mrreviewer = {Zbigniew\ S.\ Kowalski},
 number = {18},
 pages = {13857--13896},
 title = {On the action of multiplicative cascades on measures},
 url = {https://doi.org/10.1093/imrn/rnab125},
 year = {2022}
}
