@article{barral.jin:14:on,
 author = {Barral, Julien and Jin, Xiong},
 doi = {10.1007/s00440-013-0534-8},
 fjournal = {Probability Theory and Related Fields},
 issn = {0178-8051,1432-2064},
 journal = {Probab. Theory Related Fields},
 mrclass = {60G57 (60E07 60G18 60G44 60K05)},
 mrnumber = {3278915},
 mrreviewer = {Edward\ C.\ Waymire},
 number = {3-4},
 pages = {521--565},
 title = {On exact scaling log-infinitely divisible cascades},
 url = {https://doi.org/10.1007/s00440-013-0534-8},
 volume = {160},
 year = {2014}
}
