@article{barral.feng:18:projections,
 author = {Barral, Julien and Feng, De-Jun},
 doi = {10.1016/j.aim.2017.12.008},
 fjournal = {Advances in Mathematics},
 issn = {0001-8708,1090-2082},
 journal = {Adv. Math.},
 mrclass = {28A78 (28A80 60F10 60G42 60G57 60K40)},
 mrnumber = {3742600},
 pages = {640--718},
 title = {Projections of planar {M}andelbrot random measures},
 url = {https://doi.org/10.1016/j.aim.2017.12.008},
 volume = {325},
 year = {2018}
}
