@article{barraquand.corwin:23:stationary,
  author        = {Barraquand, Guillaume and Corwin, Ivan},
  doi           = {10.1214/23-aop1634},
  fjournal      = {The Annals of Probability},
  issn          = {0091-1798,2168-894X},
  journal       = {Ann. Probab.},
  mrclass       = {60H15 (05E05 60G10 60J25 60K35 82C23)},
  mrnumber      = {4642225},
  number        = {5},
  pages         = {1830--1869},
  title         = {Stationary measures for the log-gamma polymer and {KPZ} equation in half-space},
  url           = {https://doi.org/10.1214/23-aop1634},
  volume        = {51},
  year          = {2023}
}
