@article{barral.fan:05:covering,
 author = {Barral, Julien and Fan, Ai-Hua},
 doi = {10.1016/j.bulsci.2004.05.007},
 fjournal = {Bulletin des Sciences Math\'ematiques},
 issn = {0007-4497,1952-4773},
 journal = {Bull. Sci. Math.},
 mrclass = {28A80 (28A78 60G44 60G57)},
 mrnumber = {2134123},
 mrreviewer = {Ren\'e\ L.\ Schilling},
 number = {4},
 pages = {275--317},
 title = {Covering numbers of different points in {D}voretzky covering},
 url = {https://doi.org/10.1016/j.bulsci.2004.05.007},
 volume = {129},
 year = {2005}
}
