@article{barral:98:extension,
  author        = {Barral, Julien},
  doi           = {10.1016/S0764-4442(97)89785-6},
  fjournal      = {Comptes Rendus de l'Acad\'emie des Sciences. S\'erie I. Math\'ematique},
  issn          = {0764-4442},
  journal       = {C. R. Acad. Sci. Paris S\'er. I Math.},
  mrclass       = {60G18},
  mrnumber      = {1648962},
  number        = {4},
  pages         = {421--426},
  title         = {Une extension de l'\'equation fonctionnelle de {B}. {M}andelbrot},
  url           = {https://doi.org/10.1016/S0764-4442(97)89785-6},
  volume        = {326},
  year          = {1998}
}
