@article{barral.feng:12:weighted,
 author = {Barral, Julien and Feng, De-Jun},
 doi = {10.4310/AJM.2012.v16.n2.a8},
 fjournal = {Asian Journal of Mathematics},
 issn = {1093-6106,1945-0036},
 journal = {Asian J. Math.},
 mrclass = {37D35 (37A25 37B10)},
 mrnumber = {2916367},
 mrreviewer = {Alejandro\ Mario\ Mes\'on},
 number = {2},
 pages = {319--352},
 title = {Weighted thermodynamic formalism on subshifts and applications},
 url = {https://doi.org/10.4310/AJM.2012.v16.n2.a8},
 volume = {16},
 year = {2012}
}
