@article{barral:99:moments,
 author = {Barral, Julien},
 doi = {10.1007/s004400050217},
 fjournal = {Probability Theory and Related Fields},
 issn = {0178-8051},
 journal = {Probab. Theory Related Fields},
 mrclass = {60G57 (28A78 60D05 60F10 60G18)},
 mrnumber = {1717530},
 number = {4},
 pages = {535--569},
 title = {Moments, continuit\'{e}, et analyse multifractale des
martingales de {M}andelbrot},
 url = {https://doi.org/10.1007/s004400050217},
 volume = {113},
 year = {1999}
}
