@article{barral.seuret:23:frisch-parisi,
  author        = {Barral, Julien and Seuret, St\'ephane},
  doi           = {10.1016/j.matpur.2023.05.003},
  fjournal      = {Journal de Math\'ematiques Pures et Appliqu\'ees. Neuvi\`eme S\'erie},
  issn          = {0021-7824,1776-3371},
  journal       = {J. Math. Pures Appl. (9)},
  mrclass       = {28A78 (28A80 30H40 42C40 46A04)},
  mrnumber      = {4598929},
  mrreviewer    = {Esa\ J\"arvenp\"a\"a},
  pages         = {76--108},
  title         = {The {F}risch-{P}arisi conjecture {I}: {P}rescribed multifractal behavior, and a partial solution},
  url           = {https://doi.org/10.1016/j.matpur.2023.05.003},
  volume        = {175},
  year          = {2023}
}
