@article{barral.qu:12:localized,
  author        = {Barral, Julien and Qu, Yan-Hui},
  doi           = {10.3934/dcds.2012.32.717},
  fjournal      = {Discrete and Continuous Dynamical Systems. Series A},
  issn          = {1078-0947,1553-5231},
  journal       = {Discrete Contin. Dyn. Syst.},
  mrclass       = {37D35 (28A80 31A15 37A25)},
  mrnumber      = {2851877},
  mrreviewer    = {Pei\ Dong\ Liu},
  number        = {3},
  pages         = {717--751},
  title         = {Localized asymptotic behavior for almost additive potentials},
  url           = {https://doi.org/10.3934/dcds.2012.32.717},
  volume        = {32},
  year          = {2012}
}
