@article{barral.bhouri:11:multifractal,
  author        = {Barral, Julien and Bhouri, Imen},
  doi           = {10.1017/S0143385710000143},
  fjournal      = {Ergodic Theory and Dynamical Systems},
  issn          = {0143-3857,1469-4417},
  journal       = {Ergodic Theory Dynam. Systems},
  mrclass       = {37D35 (28A80 37C45)},
  mrnumber      = {2794943},
  mrreviewer    = {St\'ephane\ Seuret},
  number        = {3},
  pages         = {673--701},
  title         = {Multifractal analysis for projections of {G}ibbs and related measures},
  url           = {https://doi.org/10.1017/S0143385710000143},
  volume        = {31},
  year          = {2011}
}
