@article{barral.fournier.ea:10:pure,
 author = {Barral, Julien and Fournier, Nicolas and Jaffard, St\'ephane and Seuret, St\'ephane},
 doi = {10.1214/10-AOP533},
 fjournal = {The Annals of Probability},
 issn = {0091-1798,2168-894X},
 journal = {Ann. Probab.},
 mrclass = {60J75 (28A78 28A80 60H10)},
 mrnumber = {2722790},
 mrreviewer = {Andrzej\ Stos},
 number = {5},
 pages = {1924--1946},
 title = {A pure jump {M}arkov process with a random singularity spectrum},
 url = {https://doi.org/10.1214/10-AOP533},
 volume = {38},
 year = {2010}
}
