@article{barral.fan:04:densities,
 author = {Barral, Julien and Fan, Aihua},
 doi = {10.1016/j.crma.2004.01.027},
 fjournal = {Comptes Rendus Math\'ematique. Acad\'emie des Sciences.
Paris},
 issn = {1631-073X,1778-3569},
 journal = {C. R. Math. Acad. Sci. Paris},
 mrclass = {60G44 (28A78 28A80)},
 mrnumber = {2057032},
 number = {7},
 pages = {571--574},
 title = {Densities of some {P}oisson {$T$}-martingales and random
covering numbers},
 url = {https://doi.org/10.1016/j.crma.2004.01.027},
 volume = {338},
 year = {2004}
}
