@article{barral.seuret:08:multifractal,
 author = {Barral, Julien and Seuret, St\'ephane},
 doi = {10.1017/S0305004107000953},
 fjournal = {Mathematical Proceedings of the Cambridge Philosophical Society},
 issn = {0305-0041,1469-8064},
 journal = {Math. Proc. Cambridge Philos. Soc.},
 mrclass = {28A78},
 mrnumber = {2418713},
 mrreviewer = {Lars\ Olsen},
 number = {3},
 pages = {707--727},
 title = {The multifractal nature of heterogeneous sums of {D}irac masses},
 url = {https://doi.org/10.1017/S0305004107000953},
 volume = {144},
 year = {2008}
}
