@incollection{barral.mandelbrot:04:introduction,
 author = {Barral, Julien and Mandelbrot, Beno\^it B.},
 booktitle = {Fractal geometry and applications: a jubilee of {B}eno\^it {M}andelbrot, {P}art 2},
 doi = {10.1090/pspum/072.2/2112119},
 isbn = {0-8218-3638-2},
 mrclass = {28A80 (60G18 60G44 60G55 60G57)},
 mrnumber = {2112119},
 mrreviewer = {Peter\ R.\ Massopust},
 pages = {3--16},
 publisher = {Amer. Math. Soc., Providence, RI},
 series = {Proc. Sympos. Pure Math.},
 title = {Introduction to infinite products of independent random functions ({R}andom multiplicative multifractal measures. {I})},
 url = {https://doi.org/10.1090/pspum/072.2/2112119},
 volume = {72, Part 2},
 year = {2004}
}
