@incollection{barral:04:techniques,
  author        = {Barral, Julien},
  booktitle     = {Fractal geometry and applications: a jubilee of {B}eno\^it {M}andelbrot, {P}art 2},
  doi           = {10.1090/pspum/072.2/2112121},
  isbn          = {0-8218-3638-2},
  mrclass       = {28A80 (60G18 60G44 60G55 60G57)},
  mrnumber      = {2112121},
  mrreviewer    = {Peter\ R.\ Massopust},
  pages         = {53--90},
  publisher     = {Amer. Math. Soc., Providence, RI},
  series        = {Proc. Sympos. Pure Math.},
  title         = {Techniques for the study of infinite products of independent random functions ({R}andom multiplicative multifractal measures. {III})},
  url           = {https://doi.org/10.1090/pspum/072.2/2112121},
  volume        = {72, Part 2},
  year          = {2004}
}
