@article{barral:00:differentiability,
 author = {Barral, Julien},
 doi = {10.1016/S0246-0203(00)00125-4},
 fjournal = {Annales de l'Institut Henri Poincar\'e. Probabilit\'es et
Statistiques},
 issn = {0246-0203},
 journal = {Ann. Inst. H. Poincar\'e{} Probab. Statist.},
 mrclass = {60J80 (60F15 60G42)},
 mrnumber = {1785388},
 mrreviewer = {Quansheng\ Liu},
 number = {4},
 pages = {407--417},
 title = {Differentiability of multiplicative processes related to
branching random walks},
 url = {https://doi.org/10.1016/S0246-0203(00)00125-4},
 volume = {36},
 year = {2000}
}
