@incollection{barral:15:inverse*1,
  author        = {Barral, Julien},
  booktitle     = {Fractal geometry and stochastics {V}},
  doi           = {10.1007/978-3-319-18660-3\_14},
  isbn          = {978-3-319-18660-3; 978-3-319-18659-7},
  mrclass       = {28A78 (28A80 60F10)},
  mrnumber      = {3558160},
  pages         = {261--278},
  publisher     = {Birkh\"auser/Springer, Cham},
  series        = {Progr. Probab.},
  title         = {Inverse problems in multifractal analysis},
  url           = {https://doi.org/10.1007/978-3-319-18660-3\_14},
  volume        = {70},
  year          = {2015}
}
