@article{barral.feng:13:multifractal,
 author = {Barral, Julien and Feng, De-Jun},
 doi = {10.1007/s00220-013-1676-3},
 fjournal = {Communications in Mathematical Physics},
 issn = {0010-3616,1432-0916},
 journal = {Comm. Math. Phys.},
 mrclass = {28A80 (28C10)},
 mrnumber = {3020165},
 mrreviewer = {St\'ephane\ Seuret},
 number = {2},
 pages = {473--504},
 title = {Multifractal formalism for almost all self-affine measures},
 url = {https://doi.org/10.1007/s00220-013-1676-3},
 volume = {318},
 year = {2013}
}
