@article{barral.seuret:04:function,
 author = {Barral, Julien and Seuret, Stephane},
 doi = {10.1002/mana.200410199},
 fjournal = {Mathematische Nachrichten},
 issn = {0025-584X,1522-2616},
 journal = {Math. Nachr.},
 mrclass = {28A80 (28A78 42C40 60G57)},
 mrnumber = {2092321},
 mrreviewer = {Peter\ R.\ Massopust},
 pages = {3--18},
 title = {Function series with multifractal variations},
 url = {https://doi.org/10.1002/mana.200410199},
 volume = {274/275},
 year = {2004}
}
