@article{barral.feng:11:non-uniqueness,
 author = {Barral, Julien and Feng, De-Jun},
 doi = {10.1088/0951-7715/24/9/010},
 fjournal = {Nonlinearity},
 issn = {0951-7715,1361-6544},
 journal = {Nonlinearity},
 mrclass = {37D35 (28A78 37A35)},
 mrnumber = {2824021},
 mrreviewer = {Antti\ K\"aenm\"aki},
 number = {9},
 pages = {2563--2567},
 title = {Non-uniqueness of ergodic measures with full {H}ausdorff dimensions on a {G}atzouras-{L}alley carpet},
 url = {https://doi.org/10.1088/0951-7715/24/9/010},
 volume = {24},
 year = {2011}
}
