@article{barral.loiseau:11:large,
  author        = {Barral, Julien and Loiseau, Patrick},
  doi           = {10.1016/j.spa.2011.06.004},
  fjournal      = {Stochastic Processes and their Applications},
  issn          = {0304-4149,1879-209X},
  journal       = {Stochastic Process. Appl.},
  mrclass       = {60F10 (60G10 60G50)},
  mrnumber      = {2822777},
  mrreviewer    = {Ofer\ Zeitouni},
  number        = {10},
  pages         = {2272--2302},
  title         = {Large deviations for the local fluctuations of random walks},
  url           = {https://doi.org/10.1016/j.spa.2011.06.004},
  volume        = {121},
  year          = {2011}
}
