@incollection{barral:14:mandelbrot,
 author = {Barral, Julien},
 booktitle = {Geometry and analysis of fractals},
 doi = {10.1007/978-3-662-43920-3\_1},
 isbn = {978-3-662-43920-3; 978-3-662-43919-7},
 mrclass = {37F45},
 mrnumber = {3275997},
 pages = {1--45},
 publisher = {Springer, Heidelberg},
 series = {Springer Proc. Math. Stat.},
 title = {Mandelbrot cascades and related topics},
 url = {https://doi.org/10.1007/978-3-662-43920-3_1},
 volume = {88},
 year = {2014}
}
