@article{barral.mensi:08:multifractal,
 author = {Barral, Julien and Mensi, Mounir},
 doi = {10.1088/0951-7715/21/10/011},
 fjournal = {Nonlinearity},
 issn = {0951-7715,1361-6544},
 journal = {Nonlinearity},
 mrclass = {37C45 (28A78 28A80 37D35 37D40)},
 mrnumber = {2439486},
 mrreviewer = {Lars\ Olsen},
 number = {10},
 pages = {2409--2425},
 title = {Multifractal analysis of {B}irkhoff averages on `self-affine' symbolic spaces},
 url = {https://doi.org/10.1088/0951-7715/21/10/011},
 volume = {21},
 year = {2008}
}
