@article{barral.feng:21:dimensions,
  author        = {Barral, Julien and Feng, De-Jun},
  doi           = {10.1016/j.matpur.2021.02.003},
  fjournal      = {Journal de Math\'ematiques Pures et Appliqu\'ees. Neuvi\`eme S\'erie},
  issn          = {0021-7824,1776-3371},
  journal       = {J. Math. Pures Appl. (9)},
  mrclass       = {28A78 (28A80 60F10 60G42 60G57 60K40)},
  mrnumber      = {4239002},
  pages         = {254--303},
  title         = {Dimensions of random statistically self-affine {S}ierpinski sponges in {$\Bbb R^k$}},
  url           = {https://doi.org/10.1016/j.matpur.2021.02.003},
  volume        = {149},
  year          = {2021}
}
