@article{barski.zabczyk:21:note,
  author        = {Barski, Micha\l and Zabczyk, Jerzy},
  doi           = {10.4310/CIS.2021.v21.n2.a2},
  fjournal      = {Communications in Information and Systems},
  issn          = {1526-7555},
  journal       = {Commun. Inf. Syst.},
  mrclass       = {60H10 (60G51 91G30)},
  mrnumber      = {4273497},
  number        = {2},
  pages         = {209--218},
  title         = {A note on generalized {CIR} equations},
  url           = {https://doi.org/10.4310/CIS.2021.v21.n2.a2},
  volume        = {21},
  year          = {2021}
}
