@incollection{barthe.cordero-erausquin:04:inverse,
  author        = {Barthe, F. and Cordero-Erausquin, D.},
  booktitle     = {Geometric aspects of functional analysis},
  doi           = {10.1007/978-3-540-44489-3\_7},
  mrclass       = {52A40 (35K05 60J35 60J60)},
  mrnumber      = {2087151},
  mrreviewer    = {Laurent Miclo},
  pages         = {65--71},
  publisher     = {Springer, Berlin},
  series        = {Lecture Notes in Math.},
  title         = {Inverse {B}rascamp-{L}ieb inequalities along the heat equation},
  url           = {https://doi.org/10.1007/978-3-540-44489-3\_7},
  volume        = {1850},
  year          = {2004}
}
