@article{barton.etheridge.ea:10:new,
 author = {Barton, N. H. and Etheridge, A. M. and V\'{e}ber, A.},
 doi = {10.1214/EJP.v15-741},
 fjournal = {Electronic Journal of Probability},
 journal = {Electron. J. Probab.},
 mrclass = {60J25 (60G55 60J75 92D15 92D25)},
 mrnumber = {2594876},
 pages = {no. 7, 162--216},
 title = {A new model for evolution in a spatial continuum},
 url = {https://doi.org/10.1214/EJP.v15-741},
 volume = {15},
 year = {2010}
}
