@article{baryshnikov:01:gues,
 author = {Baryshnikov, Yu.},
 doi = {10.1007/PL00008760},
 fjournal = {Probability Theory and Related Fields},
 issn = {0178-8051},
 journal = {Probab. Theory Related Fields},
 mrclass = {60K99 (60C05)},
 mrnumber = {1818248},
 mrreviewer = {Vladimir M. Blinovskiu{i}},
 number = {2},
 pages = {256--274},
 title = {G{UE}s and queues},
 url = {https://doi.org/10.1007/PL00008760},
 volume = {119},
 year = {2001}
}
