@article{basak.vogel.ea:23:localization,
  author        = {Basak, Anirban and Vogel, Martin and Zeitouni, Ofer},
  doi           = {10.2140/pmp.2023.4.477},
  fjournal      = {Probability and Mathematical Physics},
  issn          = {2690-0998,2690-1005},
  journal       = {Probab. Math. Phys.},
  mrclass       = {47A10 (15A18 15B05 47A55 60B20)},
  mrnumber      = {4620409},
  number        = {3},
  pages         = {477--607},
  title         = {Localization of eigenvectors of nonhermitian banded noisy {T}oeplitz matrices},
  url           = {https://doi.org/10.2140/pmp.2023.4.477},
  volume        = {4},
  year          = {2023}
}
