@article{basor.tracy.ea:92:asymptotics,
 author = {Basor, Estelle L. and Tracy, Craig A. and Widom, Harold},
 doi = {10.1103/PhysRevLett.69.5},
 fjournal = {Physical Review Letters},
 issn = {0031-9007},
 journal = {Phys. Rev. Lett.},
 mrclass = {82B05 (82B10)},
 mrnumber = {1173848},
 number = {1},
 pages = {5--8},
 title = {Asymptotics of level-spacing distributions for random matrices},
 url = {https://doi.org/10.1103/PhysRevLett.69.5},
 volume = {69},
 year = {1992}
}
