@incollection{bass.khoshnevisan:92:stochastic,
 author = {Bass, Richard and Khoshnevisan, Davar},
 booktitle = {S\'{e}minaire de {P}robabilit\'{e}s, {XXVI}},
 doi = {10.1007/BFb0084306},
 mrclass = {60J30 (60G44 60H05 60J55)},
 mrnumber = {1231979},
 mrreviewer = {Ditlev Monrad},
 pages = {1--10},
 publisher = {Springer, Berlin},
 series = {Lecture Notes in Math.},
 title = {Stochastic calculus and the continuity of local times of {L}\'{e}vy processes},
 url = {https://doi.org/10.1007/BFb0084306},
 volume = {1526},
 year = {1992}
}
