@article{bass.khoshnevisan:92:local,
 author = {Bass, Richard F. and Khoshnevisan, Davar},
 doi = {10.1007/BF01274264},
 fjournal = {Probability Theory and Related Fields},
 issn = {0178-8051},
 journal = {Probab. Theory Related Fields},
 mrclass = {60J55 (60F17 60J65)},
 mrnumber = {1169015},
 mrreviewer = {P. R\'{e}v\'{e}sz},
 number = {4},
 pages = {465--492},
 title = {Local times on curves and uniform invariance principles},
 url = {https://doi.org/10.1007/BF01274264},
 volume = {92},
 year = {1992}
}
