@article{bass.burdzy.ea:94:intersection,
 author = {Bass, Richard F. and Burdzy, Krzysztof and Khoshnevisan,
Davar},
 fjournal = {The Annals of Probability},
 issn = {0091-1798},
 journal = {Ann. Probab.},
 mrclass = {60J55 (60G17 60J65)},
 mrnumber = {1288124},
 mrreviewer = {Thomas S. Mountford},
 number = {2},
 pages = {566--625},
 title = {Intersection local time for points of infinite
multiplicity},
 url = {http://links.jstor.org/sici?sici=0091-1798(199404)22:2<566:ILTFPO>2.0.CO;2-R&origin=MSN},
 volume = {22},
 year = {1994}
}
