@book{bass:95:probabilistic,
  author        = {Bass, Richard F.},
  isbn          = {0-387-94387-0},
  mrclass       = {60-01 (00A05 60J70)},
  mrnumber      = {1329542},
  mrreviewer    = {Tu Sheng Zhang},
  pages         = {xii+392},
  publisher     = {Springer-Verlag, New York},
  series        = {Probability and its Applications (New York)},
  title         = {Probabilistic techniques in analysis},
  year          = {1995}
}
