@article{basse-oconnor.graversen.ea:12:multiparameter,
 author = {Basse-O'Connor, Andreas and Graversen, Svend-Erik and Pedersen, Jan},
 doi = {10.1214/EJP.v17-2287},
 fjournal = {Electronic Journal of Probability},
 journal = {Electron. J. Probab.},
 mrclass = {60G60 (60G12 60G51 60H05)},
 mrnumber = {2968681},
 mrreviewer = {Anna Karczewska},
 pages = {no. 74, 21},
 title = {Multiparameter processes with stationary increments: spectral representation and integration},
 url = {https://doi.org/10.1214/EJP.v17-2287},
 volume = {17},
 year = {2012}
}
