@article{bass.chen.ea:09:moderate,
  author        = {Bass, Richard F. and Chen, Xia and Rosen, Jay},
  doi           = {10.1090/memo/0929},
  fjournal      = {Memoirs of the American Mathematical Society},
  isbn          = {978-0-8218-4287-4},
  issn          = {0065-9266},
  journal       = {Mem. Amer. Math. Soc.},
  mrclass       = {60F10 (60G50 60J55)},
  mrnumber      = {2493313},
  mrreviewer    = {Endre Cs\'{a}ki},
  number        = {929},
  pages         = {viii+82},
  title         = {Moderate deviations for the range of planar random walks},
  url           = {https://doi.org/10.1090/memo/0929},
  volume        = {198},
  year          = {2009}
}
