@article{basu.dembo.ea:20:exponential,
  author        = {Basu, Riddhipratim and Dembo, Amir and Feldheim, Naomi and Zeitouni, Ofer},
  doi           = {10.1093/imrn/rny277},
  fjournal      = {International Mathematics Research Notices. IMRN},
  issn          = {1073-7928,1687-0247},
  journal       = {Int. Math. Res. Not. IMRN},
  mrclass       = {60G15 (60F10 60G10)},
  mrnumber      = {4182810},
  mrreviewer    = {Rita\ Giuliano Antonini},
  number        = {23},
  pages         = {9769--9796},
  title         = {Exponential concentration for zeroes of stationary {G}aussian processes},
  url           = {https://doi.org/10.1093/imrn/rny277},
  year          = {2020}
}
