@article{bates.fang.ea:23:preface,
 author = {Bates, Peter W. and Fang, Hui and Shen, Wenxian and Zeng,
Chongchun and Zhang, Mingji},
 doi = {10.3934/dcdss.2023060},
 fjournal = {Discrete and Continuous Dynamical Systems. Series S},
 issn = {1937-1632,1937-1179},
 journal = {Discrete Contin. Dyn. Syst. Ser. S},
 mrclass = {35-03 (01A70)},
 mrnumber = {4567431},
 number = {3-4},
 pages = {i--ii},
 title = {Preface [{I}ssue dedicated to {J}ibin {L}i on the occasion
of his 80th birthday]},
 url = {https://doi.org/10.3934/dcdss.2023060},
 volume = {16},
 year = {2023}
}
