@article{baudoin.ouyang.ea:15:varadhan,
 author = {Baudoin, Fabrice and Ouyang, Cheng and Zhang, Xuejing},
 doi = {10.1016/j.spa.2014.09.012},
 fjournal = {Stochastic Processes and their Applications},
 issn = {0304-4149},
 journal = {Stochastic Process. Appl.},
 mrclass = {60H30 (60G17 60G22 60H07)},
 mrnumber = {3293297},
 mrreviewer = {Keisuke Hara},
 number = {2},
 pages = {634--652},
 title = {Varadhan estimates for rough differential equations driven
by fractional {B}rownian motions},
 url = {https://doi.org/10.1016/j.spa.2014.09.012},
 volume = {125},
 year = {2015}
}
