@article{baudoin.ouyang.ea:22:parabolic,
 author = {Fabrice Baudoin and Cheng Ouyang and Samy Tindel and Jing Wang},
 journal = {Preprint arXiv:2206.14139},
 month = {June},
 title = {Parabolic Anderson model on Heisenberg groups: the It\^{o} setting},
 url = {http://arXiv.org/abs/2206.14139},
 year = {2022}
}
