@article{baudoin.ouyang.ea:23:parabolic,
 author = {Baudoin, Fabrice and Ouyang, Cheng and Tindel, Samy and Wang, Jing},
 doi = {10.1016/j.jfa.2023.109920},
 fjournal = {Journal of Functional Analysis},
 issn = {0022-1236},
 journal = {J. Funct. Anal.},
 mrclass = {60H15 (35Kxx 60D05 60H07)},
 mrnumber = {4569244},
 mrreviewer = {Sergey V. Lototsky},
 number = {1},
 pages = {Paper No. 109920, 44},
 title = {Parabolic {A}nderson model on {H}eisenberg groups: the {I}t\^{o} setting},
 url = {https://doi.org/10.1016/j.jfa.2023.109920},
 volume = {285},
 year = {2023}
}
