@incollection{bauerschmidt.duminil-copin.ea:12:lectures,
  author        = {Bauerschmidt, Roland and Duminil-Copin, Hugo and Goodman, Jesse and Slade, Gordon},
  booktitle     = {Probability and statistical physics in two and more dimensions},
  mrclass       = {60K35 (60J67)},
  mrnumber      = {3025395},
  pages         = {395--467},
  publisher     = {Amer. Math. Soc., Providence, RI},
  series        = {Clay Math. Proc.},
  title         = {Lectures on self-avoiding walks},
  volume        = {15},
  year          = {2012}
}
