@article{bauerschmidt.brydges.ea:15:logarithmic,
 author = {Bauerschmidt, Roland and Brydges, David C. and Slade,
Gordon},
 doi = {10.1007/s00220-015-2352-6},
 fjournal = {Communications in Mathematical Physics},
 issn = {0010-3616},
 journal = {Comm. Math. Phys.},
 mrclass = {60G50},
 mrnumber = {3339164},
 mrreviewer = {Thomas Polaski},
 number = {2},
 pages = {817--877},
 title = {Logarithmic correction for the susceptibility of the
4-dimensional weakly self-avoiding walk: a renormalisation
group analysis},
 url = {https://doi.org/10.1007/s00220-015-2352-6},
 volume = {337},
 year = {2015}
}
