@book{baxter:82:exactly,
 author = {Baxter, Rodney J.},
 isbn = {0-12-083180-5},
 mrclass = {82-02 (82A05 82A68)},
 mrnumber = {690578},
 mrreviewer = {J. Groeneveld},
 pages = {xii+486},
 publisher = {Academic Press, Inc. [Harcourt Brace Jovanovich,
Publishers], London},
 title = {Exactly solved models in statistical mechanics},
 year = {1982}
}
