@article{baxter.jain.ea:93:large,
 author = {Baxter, J. R. and Jain, N. C. and Sepp\"{a}l\"{a}inen, T. O.},
 fjournal = {Illinois Journal of Mathematics},
 issn = {0019-2082},
 journal = {Illinois J. Math.},
 mrclass = {60F10 (60B11 60B12)},
 mrnumber = {1208824},
 mrreviewer = {Wlodzimierz Smolenski},
 number = {2},
 pages = {302--328},
 title = {Large deviations for nonstationary arrays and sequences},
 url = {http://projecteuclid.org/euclid.ijm/1255987149},
 volume = {37},
 year = {1993}
}
