@book{beals.deift.ea:88:direct,
  author        = {Beals, Richard and Deift, Percy and Tomei, Carlos},
  doi           = {10.1090/surv/028},
  isbn          = {0-8218-1530-X},
  mrclass       = {58F07 (34A55 34B25 35Q20 47E05 81C12)},
  mrnumber      = {954382},
  mrreviewer    = {M.\ Victor\ Wickerhauser},
  pages         = {xiv+209},
  publisher     = {American Mathematical Society, Providence, RI},
  series        = {Mathematical Surveys and Monographs},
  title         = {Direct and inverse scattering on the line},
  url           = {https://doi.org/10.1090/surv/028},
  volume        = {28},
  year          = {1988}
}
