@article{becker-kern.meerschaert.ea:04:limit*1,
 author = {Becker-Kern, Peter and Meerschaert, Mark M. and Scheffler, Hans-Peter},
 doi = {10.1017/s002190020001442x},
 fjournal = {Journal of Applied Probability},
 issn = {0021-9002},
 journal = {J. Appl. Probab.},
 mrclass = {60F17 (60J60)},
 mrnumber = {2052584},
 mrreviewer = {Wolfgang K\"{o}nig},
 number = {2},
 pages = {455--466},
 title = {Limit theorem for continuous-time random walks with two time scales},
 url = {https://doi.org/10.1017/s002190020001442x},
 volume = {41},
 year = {2004}
}
