@article{bedrossian.blumenthal.ea:24:existence,
  author        = {Jacob Bedrossian and Alex Blumenthal and Keagan Callis and Kyle Liss},
  journal       = {Preprint arXiv:2407.16592},
  month         = {July},
  title         = {Existence of stationary measures for partially damped SDEs with generic, Euler-type nonlinearities},
  url           = {http://arXiv.org/abs/2407.16592},
  year          = {2024}
}
