@article{bedrossian:15:large,
 author = {Bedrossian, Jacob},
 doi = {10.1080/03605302.2014.999938},
 fjournal = {Communications in Partial Differential Equations},
 issn = {0360-5302},
 journal = {Comm. Partial Differential Equations},
 mrclass = {35K59 (35B40 35B45 35Q92 35R09)},
 mrnumber = {3321073},
 mrreviewer = {Juraj F\"{o}ldes},
 number = {6},
 pages = {1119--1136},
 title = {Large mass global solutions for a class of {$L^1$}-critical nonlocal aggregation equations and parabolic-elliptic {P}atlak-{K}eller-{S}egel models},
 url = {https://doi.org/10.1080/03605302.2014.999938},
 volume = {40},
 year = {2015}
}
