@incollection{beffara:12:schramm-loewner,
 author = {Beffara, Vincent},
 booktitle = {Probability and statistical physics in two and more
dimensions},
 mrclass = {60J67 (60-02 60K35)},
 mrnumber = {3025389},
 mrreviewer = {Amanda G. Turner},
 pages = {1--48},
 publisher = {Amer. Math. Soc., Providence, RI},
 series = {Clay Math. Proc.},
 title = {Schramm-{L}oewner evolution and other conformally
invariant objects},
 volume = {15},
 year = {2012}
}
