@article{beghin.orsingher:05:distribution,
  author        = {Beghin, L. and Orsingher, E.},
  doi           = {10.1016/j.spa.2005.02.001},
  fjournal      = {Stochastic Processes and their Applications},
  issn          = {0304-4149},
  journal       = {Stochastic Process. Appl.},
  mrclass       = {60J55 (60E07)},
  mrnumber      = {2138812},
  mrreviewer    = {Aim\'{e} Lachal},
  number        = {6},
  pages         = {1017--1040},
  title         = {The distribution of the local time for ``pseudoprocesses'' and its connection with fractional diffusion equations},
  url           = {https://doi.org/10.1016/j.spa.2005.02.001},
  volume        = {115},
  year          = {2005}
}
