@article{beliaev.duplantier.ea:17:integral,
 author = {Beliaev, Dmitry and Duplantier, Bertrand and Zinsmeister, Michel},
 doi = {10.1007/s00220-017-2868-z},
 fjournal = {Communications in Mathematical Physics},
 issn = {0010-3616},
 journal = {Comm. Math. Phys.},
 mrclass = {60J67 (30C85)},
 mrnumber = {3638311},
 mrreviewer = {Joan R. Lind},
 number = {1},
 pages = {119--133},
 title = {Integral means spectrum of whole-plane {SLE}},
 url = {https://doi.org/10.1007/s00220-017-2868-z},
 volume = {353},
 year = {2017}
}
