@article{belius.rosen.ea:20:tightness,
  author        = {Belius, David and Rosen, Jay and Zeitouni, Ofer},
  doi           = {10.1007/s00440-019-00940-2},
  fjournal      = {Probability Theory and Related Fields},
  issn          = {0178-8051,1432-2064},
  journal       = {Probab. Theory Related Fields},
  mrclass       = {60J65},
  mrnumber      = {4087494},
  mrreviewer    = {Endre\ Cs\'{a}ki},
  number        = {3-4},
  pages         = {1357--1437},
  title         = {Tightness for the cover time of the two dimensional sphere},
  url           = {https://doi.org/10.1007/s00440-019-00940-2},
  volume        = {176},
  year          = {2020}
}
