@article{bellomo.flandoli:89:stochastic,
 author = {Bellomo, N. and Flandoli, F.},
 doi = {10.1016/0378-4754(89)90049-9},
 fjournal = {Mathematics and Computers in Simulation},
 issn = {0378-4754,1872-7166},
 journal = {Math. Comput. Simulation},
 mrclass = {35R60 (35Q20 60H15 81C20)},
 mrnumber = {983314},
 number = {1-2},
 pages = {3--17},
 title = {Stochastic partial differential equations in continuum
physics---on the foundations of the stochastic
interpolation method for {I}to's type equations},
 url = {https://doi.org/10.1016/0378-4754(89)90049-9},
 volume = {31},
 year = {1989}
}
