@article{bellman:58:on,
 author = {Bellman, Richard},
 journal = {Quarterly of Applied Mathematics},
 number = {1},
 pages = {87--90},
 title = {On a routing problem},
 volume = {16},
 year = {1958}
}
