@article{ben-arous.gruadinaru.ea:94:holder,
 author = {Ben Arous, G\'{e}rard and Gru{a}dinaru, Mihai and Ledoux, Michel},
 fjournal = {Annales de l'Institut Henri Poincar\'{e}. Probabilit\'{e}s et Statistiques},
 issn = {0246-0203},
 journal = {Ann. Inst. H. Poincar\'{e} Probab. Statist.},
 mrclass = {60J60 (60H10)},
 mrnumber = {1288358},
 mrreviewer = {Pierre Vallois},
 number = {3},
 pages = {415--436},
 title = {H\"{o}lder norms and the support theorem for diffusions},
 url = {http://www.numdam.org/item?id=AIHPB_1994__30_3_415_0},
 volume = {30},
 year = {1994}
}
