@incollection{ben-arous.guionnet:11:wigner,
  author        = {Ben Arous, G. and Guionnet, A.},
  booktitle     = {The {O}xford handbook of random matrix theory},
  mrclass       = {60B20},
  mrnumber      = {2932641},
  mrreviewer    = {Florent Benaych-Georges},
  pages         = {433--451},
  publisher     = {Oxford Univ. Press, Oxford},
  title         = {Wigner matrices},
  year          = {2011}
}
