@article{ben-arous.guionnet:97:large,
  author        = {Ben Arous, G. and Guionnet, A.},
  doi           = {10.1007/s004400050119},
  fjournal      = {Probability Theory and Related Fields},
  issn          = {0178-8051},
  journal       = {Probab. Theory Related Fields},
  mrclass       = {15A52 (46L50 60F10)},
  mrnumber      = {1465640},
  mrreviewer    = {Oleksiy Khorunzhiy},
  number        = {4},
  pages         = {517--542},
  title         = {Large deviations for {W}igner's law and {V}oiculescu's non-commutative entropy},
  url           = {https://doi.org/10.1007/s004400050119},
  volume        = {108},
  year          = {1997}
}
