@article{ben-arous.peche:05:universality,
  author        = {Ben Arous, G. and P\'{e}ch\'{e}, S.},
  doi           = {10.1002/cpa.20070},
  fjournal      = {Communications on Pure and Applied Mathematics},
  issn          = {0010-3640},
  journal       = {Comm. Pure Appl. Math.},
  mrclass       = {62J10 (15A52 62H20)},
  mrnumber      = {2162782},
  mrreviewer    = {Wojciech Zieli\'{n}ski},
  number        = {10},
  pages         = {1316--1357},
  title         = {Universality of local eigenvalue statistics for some sample covariance matrices},
  url           = {https://doi.org/10.1002/cpa.20070},
  volume        = {58},
  year          = {2005}
}
