@article{ben-arous.bogachev.ea:05:limit,
 author = {Ben Arous, G\'{e}rard and Bogachev, Leonid V. and
Molchanov, Stanislav A.},
 doi = {10.1007/s00440-004-0406-3},
 fjournal = {Probability Theory and Related Fields},
 issn = {0178-8051},
 journal = {Probab. Theory Related Fields},
 mrclass = {60G50 (60E07 60F05 82B26)},
 mrnumber = {2198202},
 mrreviewer = {Przemys\l aw Matu\l a},
 number = {4},
 pages = {579--612},
 title = {Limit theorems for sums of random exponentials},
 url = {https://doi.org/10.1007/s00440-004-0406-3},
 volume = {132},
 year = {2005}
}
