@article{ben-arous.hu.ea:13:einstein,
  author        = {Ben Arous, Gerard and Hu, Yueyun and Olla, Stefano and Zeitouni, Ofer},
  doi           = {10.1214/12-AIHP486},
  fjournal      = {Annales de l'Institut Henri Poincar\'{e} Probabilit\'{e}s et Statistiques},
  issn          = {0246-0203,1778-7017},
  journal       = {Ann. Inst. Henri Poincar\'{e} Probab. Stat.},
  mrclass       = {60K37 (60J80 82C44)},
  mrnumber      = {3112431},
  mrreviewer    = {Serguei\ Popov},
  number        = {3},
  pages         = {698--721},
  title         = {Einstein relation for biased random walk on {G}alton-{W}atson trees},
  url           = {https://doi.org/10.1214/12-AIHP486},
  volume        = {49},
  year          = {2013}
}
