@article{ben-arous.quastel.ea:03:internal,
 author = {Ben Arous, G\'{e}rard and Quastel, Jeremy and Ram\'{i}rez,
Alejandro F.},
 doi = {10.1016/S0246-0203(02)00003-1},
 fjournal = {Annales de l'Institut Henri Poincar\'{e}. Probabilit\'{e}s
et Statistiques},
 issn = {0246-0203},
 journal = {Ann. Inst. H. Poincar\'{e} Probab. Statist.},
 mrclass = {60K37 (60F10 60G70 60K35)},
 mrnumber = {1962779},
 mrreviewer = {Jean-Fran\c{c}ois Delmas},
 number = {2},
 pages = {301--324},
 title = {Internal {DLA} in a random environment},
 url = {https://doi.org/10.1016/S0246-0203(02)00003-1},
 volume = {39},
 year = {2003}
}
