@article{benaych-georges.nadakuditi:11:eigenvalues,
 author = {Benaych-Georges, Florent and Nadakuditi, Raj Rao},
 doi = {10.1016/j.aim.2011.02.007},
 fjournal = {Advances in Mathematics},
 issn = {0001-8708},
 journal = {Adv. Math.},
 mrclass = {60B20 (46L54 60F99 62H25)},
 mrnumber = {2782201},
 mrreviewer = {Michael Stolz},
 number = {1},
 pages = {494--521},
 title = {The eigenvalues and eigenvectors of finite, low rank perturbations of large random matrices},
 url = {https://doi.org/10.1016/j.aim.2011.02.007},
 volume = {227},
 year = {2011}
}
