@article{bendahmane.lepoutre.ea:09:conservative,
  author        = {Bendahmane, Mostafa and Lepoutre, Thomas and Marrocco, Americo and Perthame, Beno\^{i}t},
  doi           = {10.1016/j.matpur.2009.05.003},
  fjournal      = {Journal de Math\'{e}matiques Pures et Appliqu\'{e}es. Neuvi\`eme S\'{e}rie},
  issn          = {0021-7824},
  journal       = {J. Math. Pures Appl. (9)},
  mrclass       = {35B36 (35K40 35K57 35Q92 92C15)},
  mrnumber      = {2565847},
  mrreviewer    = {Mariano Rodr\'{\i}guez Ricard},
  number        = {6},
  pages         = {651--667},
  title         = {Conservative cross diffusions and pattern formation through relaxation},
  url           = {https://doi.org/10.1016/j.matpur.2009.05.003},
  volume        = {92},
  year          = {2009}
}
