@article{benfatto.cassandro.ea:78:some,
  author        = {Benfatto, G. and Cassandro, M. and Gallavotti, G. and Nicol\`o, F. and Olivieri, E. and Presutti, E. and Scacciatelli, E.},
  fjournal      = {Communications in Mathematical Physics},
  issn          = {0010-3616},
  journal       = {Comm. Math. Phys.},
  mrclass       = {81E15 (60G20 60H15 60J45 82A05)},
  mrnumber      = {491611},
  mrreviewer    = {Sergio Albeverio},
  number        = {2},
  pages         = {143--166},
  title         = {Some probabilistic techniques in field theory},
  url           = {http://projecteuclid.org/euclid.cmp/1103901608},
  volume        = {59},
  year          = {1978}
}
