@article{benjamini.yadin.ea:07:maximal,
 author = {Benjamini, Itai and Yadin, Ariel and Zeitouni, Ofer},
 doi = {10.1214/ECP.v12-1321},
 fjournal = {Electronic Communications in Probability},
 issn = {1083-589X},
 journal = {Electron. Comm. Probab.},
 mrclass = {60C05 (11B25 60F05)},
 mrnumber = {2350574},
 mrreviewer = {Hsien-Kuei\ Hwang},
 pages = {365--376},
 title = {Maximal arithmetic progressions in random subsets},
 url = {https://doi.org/10.1214/ECP.v12-1321},
 volume = {12},
 year = {2007}
}
