@article{benjamini.yadin.ea:12:erratum,
 author = {Benjamini, Itai and Yadin, Ariel and Zeitouni, Ofer},
 doi = {10.1214/ECP.v17-2014},
 fjournal = {Electronic Communications in Probability},
 issn = {1083-589X},
 journal = {Electron. Commun. Probab.},
 mrclass = {60C05 (11B25 60F05)},
 mrnumber = {2926762},
 pages = {no. 18, 1},
 title = {Erratum: {M}aximal arithmetic progressions in random subsets [MR2350574]},
 url = {https://doi.org/10.1214/ECP.v17-2014},
 volume = {17},
 year = {2012}
}
