@article{benjamini.kalai.ea:03:first,
  author        = {Benjamini, Itai and Kalai, Gil and Schramm, Oded},
  doi           = {10.1214/aop/1068646373},
  fjournal      = {The Annals of Probability},
  issn          = {0091-1798},
  journal       = {Ann. Probab.},
  mrclass       = {60K35 (28A35 60B15 60E15)},
  mrnumber      = {2016607},
  mrreviewer    = {Ya. \={I}. B\={i}lopol{\cprime}s{\cprime}ka},
  number        = {4},
  pages         = {1970--1978},
  title         = {First passage percolation has sublinear distance variance},
  url           = {https://doi.org/10.1214/aop/1068646373},
  volume        = {31},
  year          = {2003}
}
