@book{bennett:98:randomness,
  author        = {Bennett, Deborah J.},
  isbn          = {0-674-10745-4},
  mrclass       = {00A08 (60C05)},
  mrnumber      = {1700701},
  pages         = {viii+238},
  publisher     = {Harvard University Press, Cambridge, MA},
  title         = {Randomness},
  year          = {1998}
}
