@book{bensoussan.lions:78:applications,
  author        = {Bensoussan, A. and Lions, J.-L.},
  isbn          = {2-04-010336-8},
  mrclass       = {49DXX (60H10 93EXX)},
  mrnumber      = {513618},
  mrreviewer    = {Piotr Staniewski},
  pages         = {viii+545},
  publisher     = {Dunod, Paris},
  series        = {M\'{e}thodes Math\'{e}matiques de l'Informatique [Mathematical Methods of Information Science], No. 6},
  title         = {Applications des in\'{e}quations variationnelles en contr\^{o}le stochastique},
  year          = {1978}
}
