@article{berard.gouere:10:brunet-derrida,
 author = {B\'{e}rard, Jean and Gou\'{e}r\'{e}, Jean-Baptiste},
 doi = {10.1007/s00220-010-1067-y},
 fjournal = {Communications in Mathematical Physics},
 issn = {0010-3616},
 journal = {Comm. Math. Phys.},
 mrclass = {82C21 (60K35 82C22 82C41)},
 mrnumber = {2669438},
 mrreviewer = {Marina Vachkovskaia},
 number = {2},
 pages = {323--342},
 title = {Brunet-{D}errida behavior of branching-selection particle
systems on the line},
 url = {https://doi.org/10.1007/s00220-010-1067-y},
 volume = {298},
 year = {2010}
}
