@article{berard.gouere:11:survival,
 author = {B\'{e}rard, Jean and Gou\'{e}r\'{e}, Jean-Baptiste},
 doi = {10.1214/EJP.v16-861},
 fjournal = {Electronic Journal of Probability},
 journal = {Electron. J. Probab.},
 mrclass = {60J80},
 mrnumber = {2774095},
 mrreviewer = {Alexander Iksanov},
 pages = {no. 14, 396--418},
 title = {Survival probability of the branching random walk killed below a linear boundary},
 url = {https://doi.org/10.1214/EJP.v16-861},
 volume = {16},
 year = {2011}
}
