@article{berezin.mytnik:14:asymptotic,
 author = {Berezin, Roman and Mytnik, Leonid},
 doi = {10.1007/s10959-012-0470-z},
 fjournal = {Journal of Theoretical Probability},
 issn = {0894-9840},
 journal = {J. Theoret. Probab.},
 mrclass = {60K35},
 mrnumber = {3245998},
 mrreviewer = {Oriane Blondel},
 number = {3},
 pages = {1045--1057},
 title = {Asymptotic behaviour of the critical value for the contact
process with rapid stirring},
 url = {https://doi.org/10.1007/s10959-012-0470-z},
 volume = {27},
 year = {2014}
}
