@article{berestycki.nirenberg.ea:94:principal,
  author        = {Berestycki, H. and Nirenberg, L. and Varadhan, S. R. S.},
  doi           = {10.1002/cpa.3160470105},
  fjournal      = {Communications on Pure and Applied Mathematics},
  issn          = {0010-3640,1097-0312},
  journal       = {Comm. Pure Appl. Math.},
  mrclass       = {35J15 (35B50 35J20 35P15)},
  mrnumber      = {1258192},
  mrreviewer    = {M.\ S.\ Agranovich},
  number        = {1},
  pages         = {47--92},
  title         = {The principal eigenvalue and maximum principle for second-order elliptic operators in general domains},
  url           = {https://doi.org/10.1002/cpa.3160470105},
  volume        = {47},
  year          = {1994}
}
