@article{berezin:73:some,
 author = {Berezin, F. A.},
 fjournal = {Akademiya Nauk SSSR. Teoreticheskaya i Matematicheskaya
Fizika},
 issn = {0564-6162},
 journal = {Teoret. Mat. Fiz.},
 mrclass = {81.60},
 mrnumber = {465007},
 pages = {305--318},
 title = {Some remarks on the {W}igner distribution},
 volume = {17},
 year = {1973}
}
