@article{berestycki.brunet.ea:22:distance,
  author        = {Berestycki, Julien and Brunet, \'{E}ric and Graham, Cole and Mytnik, Leonid and Roquejoffre, Jean-Michel and Ryzhik, Lenya},
  doi           = {10.1088/1361-6544/ac4a8e},
  fjournal      = {Nonlinearity},
  issn          = {0951-7715},
  journal       = {Nonlinearity},
  mrclass       = {60J80 (35K57)},
  mrnumber      = {4385443},
  number        = {4},
  pages         = {1558--1609},
  title         = {The distance between the two {BBM} leaders},
  url           = {https://doi.org/10.1088/1361-6544/ac4a8e},
  volume        = {35},
  year          = {2022}
}
