@book{bergh.lofstrom:76:interpolation,
 author = {Bergh, J\"{o}ran and L\"{o}fstr\"{o}m, J\"{o}rgen},
 mrclass = {46M35},
 mrnumber = {0482275},
 pages = {x+207},
 publisher = {Springer-Verlag, Berlin-New York},
 series = {Grundlehren der Mathematischen Wissenschaften, No. 223},
 title = {Interpolation spaces. {A}n introduction},
 year = {1976}
}
