@article{berglund.gentz:13:sharp,
 author = {Berglund, Nils and Gentz, Barbara},
 doi = {10.1214/EJP.v18-1802},
 fjournal = {Electronic Journal of Probability},
 journal = {Electron. J. Probab.},
 mrclass = {60H15 (35K57 35R60 37H20 60F10 60J45)},
 mrnumber = {3035752},
 mrreviewer = {Xiang Xing Tao},
 pages = {no. 24, 58},
 title = {Sharp estimates for metastable lifetimes in parabolic
{SPDE}s: {K}ramers' law and beyond},
 url = {https://doi.org/10.1214/EJP.v18-1802},
 volume = {18},
 year = {2013}
}
