@article{berglund.nader:23:stochastic,
 author = {Berglund, Nils and Nader, Rita},
 doi = {10.1007/s40072-021-00230-w},
 fjournal = {Stochastic Partial Differential Equations. Analysis and Computations},
 issn = {2194-0401},
 journal = {Stoch. Partial Differ. Equ. Anal. Comput.},
 mrclass = {60H15 (34F15 37H20 60G17)},
 mrnumber = {4563703},
 number = {1},
 pages = {348--387},
 title = {Stochastic resonance in stochastic {PDE}s},
 url = {https://doi.org/10.1007/s40072-021-00230-w},
 volume = {11},
 year = {2023}
}
