@article{berger.toninelli:10:on,
 author = {Berger, Quentin and Toninelli, Fabio Lucio},
 doi = {10.1214/EJP.v15-761},
 fjournal = {Electronic Journal of Probability},
 journal = {Electron. J. Probab.},
 mrclass = {60K35 (60K37 82B44)},
 mrnumber = {2650777},
 mrreviewer = {Rongfeng Sun},
 pages = {no. 21, 654--683},
 title = {On the critical point of the random walk pinning model in dimension {$d=3$}},
 url = {https://doi.org/10.1214/EJP.v15-761},
 volume = {15},
 year = {2010}
}
