@article{berger.lacoin:18:pinning,
 author = {Berger, Quentin and Lacoin, Hubert},
 doi = {10.1017/S1474748015000481},
 fjournal = {Journal of the Institute of Mathematics of Jussieu. JIMJ.
Journal de l'Institut de Math\'ematiques de Jussieu},
 issn = {1474-7480,1475-3030},
 journal = {J. Inst. Math. Jussieu},
 mrclass = {60K35 (60K37 82B27 82B44)},
 mrnumber = {3773271},
 mrreviewer = {Makoto\ Nakashima},
 number = {2},
 pages = {305--346},
 title = {Pinning on a defect line: characterization of marginal
disorder relevance and sharp asymptotics for the critical
point shift},
 url = {https://doi.org/10.1017/S1474748015000481},
 volume = {17},
 year = {2018}
}
