@article{berger:06:case,
  author        = {Berger, James},
  journal       = {Bayesian Analysis},
  number        = {3},
  pages         = {385--402},
  publisher     = {International Society for Bayesian Analysis},
  title         = {The case for objective Bayesian analysis},
  volume        = {1},
  year          = {2006}
}
