@article{berg.cohen.ea:23:approximated,
  author        = {Berg, Andr\'e{} and Cohen, David and Dujardin, Guillaume},
  doi           = {10.3934/jcd.2023002},
  fjournal      = {Journal of Computational Dynamics},
  issn          = {2158-2491,2158-2505},
  journal       = {J. Comput. Dyn.},
  mrclass       = {65C30 (35Q55 60-08 60H15 60H35)},
  mrnumber      = {4585358},
  mrreviewer    = {Seyed\ Mohammad\ Hosseini},
  number        = {2},
  pages         = {323--344},
  title         = {Approximated exponential integrators for the stochastic {M}anakov equation},
  url           = {https://doi.org/10.3934/jcd.2023002},
  volume        = {10},
  year          = {2023}
}
