@article{berglund:21:eyring-kramers,
 author = {Berglund, Nils},
 doi = {10.2140/pmp.2021.2.685},
 fjournal = {Probability and Mathematical Physics},
 issn = {2690-0998},
 journal = {Probab. Math. Phys.},
 mrclass = {60H10 (34E15 34F05 60J45 81Q20)},
 mrnumber = {4408023},
 mrreviewer = {Seiichiro Kusuoka},
 number = {4},
 pages = {685--743},
 title = {An {E}yring-{K}ramers law for slowly oscillating bistable
diffusions},
 url = {https://doi.org/10.2140/pmp.2021.2.685},
 volume = {2},
 year = {2021}
}
