@article{berglund.gentz:02:pathwise,
 author = {Berglund, Nils and Gentz, Barbara},
 doi = {10.1007/s004400100174},
 fjournal = {Probability Theory and Related Fields},
 issn = {0178-8051},
 journal = {Probab. Theory Related Fields},
 mrclass = {37H20 (34C23 34F05 60H10)},
 mrnumber = {1892851},
 mrreviewer = {Klaus R. Schenk-Hopp\'{e}},
 number = {3},
 pages = {341--388},
 title = {Pathwise description of dynamic pitchfork bifurcations
with additive noise},
 url = {https://doi.org/10.1007/s004400100174},
 volume = {122},
 year = {2002}
}
