@article{berkes.horvath.ea:98:logarithmic,
 author = {Berkes, Istv\'{a}n and Horv\'{a}th, Lajos and
Khoshnevisan, Davar},
 doi = {10.1016/S0304-4149(98)00034-9},
 fjournal = {Stochastic Processes and their Applications},
 issn = {0304-4149},
 journal = {Stochastic Process. Appl.},
 mrclass = {60E07 (60F15 60G50)},
 mrnumber = {1644606},
 mrreviewer = {J. L. Mijnheer},
 number = {1},
 pages = {35--51},
 title = {Logarithmic averages of stable random variables are
asymptotically normal},
 url = {https://doi.org/10.1016/S0304-4149(98)00034-9},
 volume = {77},
 year = {1998}
}
