@article{berkowicz:84:spectral,
  author        = {Berkowicz, Ruwim},
  day           = {01},
  doi           = {10.1007/BF00121955},
  issn          = {1573-1472},
  journal       = {Boundary-Layer Meteorology},
  month         = {Sep},
  number        = {1},
  pages         = {201--219},
  title         = {Spectral methods for atmospheric diffusion modeling},
  url           = {https://doi.org/10.1007/BF00121955},
  volume        = {30},
  year          = {1984}
}
