@incollection{berman:98:online,
 author = {P. Berman},
 pages = {p.232--241},
 publisher = {Springer},
 series = {Lecture Notes in Computer Science},
 title = {Online Algorithms: The State of the Art},
 volume = {1442},
 year = {1998}
}
