@article{berman:73:local,
 author = {Berman, Simeon M.},
 doi = {10.1512/iumj.1973.23.23006},
 fjournal = {Indiana University Mathematics Journal},
 issn = {0022-2518},
 journal = {Indiana Univ. Math. J.},
 mrclass = {60G15},
 mrnumber = {317397},
 mrreviewer = {P. M. Lee},
 pages = {69--94},
 title = {Local nondeterminism and local times of {G}aussian
processes},
 url = {https://doi.org/10.1512/iumj.1973.23.23006},
 volume = {23},
 year = {1973/74}
}
