@article{bernstein:04:sur,
 author = {Bernstein, S.},
 doi = {10.1007/BF01444746},
 fjournal = {Mathematische Annalen},
 issn = {0025-5831},
 journal = {Math. Ann.},
 mrclass = {DML},
 mrnumber = {1511259},
 number = {1-2},
 pages = {20--76},
 title = {Sur la nature analytique des solutions des \'{e}quations
aux d\'{e}riv\'{e}es partielles du second ordre},
 url = {https://doi.org/10.1007/BF01444746},
 volume = {59},
 year = {1904}
}
