@article{bernis.hulshof.ea:93:very,
 author = {Bernis, Francisco and Hulshof, Josephus and V\'{a}zquez,
Juan Luis},
 doi = {10.1515/crll.1993.435.1},
 fjournal = {Journal f\"{u}r die Reine und Angewandte Mathematik.
[Crelle's Journal]},
 issn = {0075-4102},
 journal = {J. Reine Angew. Math.},
 mrclass = {35K15 (35K55 35Q35 76S05)},
 mrnumber = {1203909},
 mrreviewer = {Elena Comparini},
 pages = {1--31},
 title = {A very singular solution for the dual porous medium
equation and the asymptotic behaviour of general
solutions},
 url = {https://doi.org/10.1515/crll.1993.435.1},
 volume = {435},
 year = {1993}
}
