@incollection{berry.howls:10:integrals,
  author        = {Berry, M. V. and Howls, C. J.},
  booktitle     = {N{IST} handbook of mathematical functions},
  mrclass       = {33E20},
  mrnumber      = {2655376},
  pages         = {775--793},
  publisher     = {U.S. Dept. Commerce, Washington, DC},
  title         = {Integrals with coalescing saddles},
  year          = {2010}
}
