@incollection{berselli.flandoli:10:on,
 author = {Berselli, Luigi C. and Flandoli, Franco},
 booktitle = {Advances in mathematical fluid mechanics},
 isbn = {978-3-642-04067-2},
 mrclass = {35R60 (35-02 35Q30 60H15 76F55 76M35)},
 mrnumber = {2665025},
 mrreviewer = {Paul\ Andrew\ Martin},
 pages = {55--81},
 publisher = {Springer, Berlin},
 title = {On a stochastic approach to eddy viscosity models for turbulent flows},
 year = {2010}
}
