@incollection{bertola:11:two-matrix,
 author = {Bertola, M.},
 booktitle = {The {O}xford handbook of random matrix theory},
 mrclass = {60B20 (15B52)},
 mrnumber = {2932635},
 mrreviewer = {Mar\'{i}a-Jos\'{e} Cantero},
 pages = {310--328},
 publisher = {Oxford Univ. Press, Oxford},
 title = {Two-matrix models and biorthogonal polynomials},
 year = {2011}
}
