@book{bertsimas.tsitsiklis:97:introduction,
  author        = {Bertsimas, Dimitris and Tsitsiklis, John N},
  publisher     = {Athena Scientific},
  title         = {Introduction to Linear Optimization},
  year          = {1997}
}
