@article{bertini.giacomin:97:stochastic,
 author = {Bertini, Lorenzo and Giacomin, Giambattista},
 doi = {10.1007/s002200050044},
 fjournal = {Communications in Mathematical Physics},
 issn = {0010-3616},
 journal = {Comm. Math. Phys.},
 mrclass = {60K35 (60H15 82C22 82C24)},
 mrnumber = {1462228},
 mrreviewer = {Ellen Saada},
 number = {3},
 pages = {571--607},
 title = {Stochastic {B}urgers and {KPZ} equations from particle systems},
 url = {https://doi.org/10.1007/s002200050044},
 volume = {183},
 year = {1997}
}
