@article{bertoin:96:iterated,
 author = {Bertoin, Jean},
 doi = {10.1016/0167-7152(95)00051-8},
 fjournal = {Statistics \& Probability Letters},
 issn = {0167-7152},
 journal = {Statist. Probab. Lett.},
 mrclass = {60J65 (60J30)},
 mrnumber = {1399993},
 mrreviewer = {Davar Khoshnevisan},
 number = {2},
 pages = {111--114},
 title = {Iterated {B}rownian motion and stable {$(\frac14)$}
subordinator},
 url = {https://doi.org/10.1016/0167-7152(95)00051-8},
 volume = {27},
 year = {1996}
}
