@article{bertini.giacomin:99:on,
 author = {Bertini, Lorenzo and Giacomin, Giambattista},
 doi = {10.1007/s004400050226},
 fjournal = {Probability Theory and Related Fields},
 issn = {0178-8051},
 journal = {Probab. Theory Related Fields},
 mrclass = {60H15 (35R60 60F05 82B44)},
 mrnumber = {1705123},
 mrreviewer = {Ya. \={I}. B\={i}lopol{\cprime}s{\cprime}ka},
 number = {3},
 pages = {279--289},
 title = {On the long-time behavior of the stochastic heat equation},
 url = {https://doi.org/10.1007/s004400050226},
 volume = {114},
 year = {1999}
}
