@article{bertsimas.demir:02:approximate,
 author = {Bertsimas, Dimitris and Demir, Ramazan},
 journal = {Management Science},
 number = {4},
 pages = {550--565},
 publisher = {INFORMS},
 title = {An approximate dynamic programming approach to
multidimensional knapsack problems},
 volume = {48},
 year = {2002}
}
