@article{bertini.cancrini.ea:94:stochastic,
  author        = {Bertini, L. and Cancrini, N. and Jona-Lasinio, G.},
  fjournal      = {Communications in Mathematical Physics},
  issn          = {0010-3616},
  journal       = {Comm. Math. Phys.},
  mrclass       = {60H15 (35Q53 35R60)},
  mrnumber      = {1301846},
  mrreviewer    = {W. A. Woyczy\'{n}ski},
  number        = {2},
  pages         = {211--232},
  title         = {The stochastic {B}urgers equation},
  url           = {http://projecteuclid.org/euclid.cmp/1104271129},
  volume        = {165},
  year          = {1994}
}
