@article{bertozzi.laurent.ea:11:lp,
 author = {Bertozzi, Andrea L. and Laurent, Thomas and Rosado,
Jes\'{u}s},
 doi = {10.1002/cpa.20334},
 fjournal = {Communications on Pure and Applied Mathematics},
 issn = {0010-3640},
 journal = {Comm. Pure Appl. Math.},
 mrclass = {35F55 (35B30 35Q92 49Q15)},
 mrnumber = {2743876},
 mrreviewer = {Fr\'{e}d\'{e}ric Rousset},
 number = {1},
 pages = {45--83},
 title = {{$L^p$} theory for the multidimensional aggregation
equation},
 url = {https://doi.org/10.1002/cpa.20334},
 volume = {64},
 year = {2011}
}
