@article{bertoin.harn.ea:99:renewal,
  author        = {Bertoin, J. and van Harn, K. and Steutel, F. W.},
  doi           = {10.1016/S0167-7152(99)00043-7},
  fjournal      = {Statistics \& Probability Letters},
  issn          = {0167-7152},
  journal       = {Statist. Probab. Lett.},
  mrclass       = {60K05 (60G51)},
  mrnumber      = {1718352},
  mrreviewer    = {Paul Embrechts},
  number        = {1},
  pages         = {65--69},
  title         = {Renewal theory and level passage by subordinators},
  url           = {https://doi.org/10.1016/S0167-7152(99)00043-7},
  volume        = {45},
  year          = {1999}
}
