@incollection{bessaih.flandoli:03:mean,
 author = {Bessaih, H. and Flandoli, F.},
 booktitle = {Probabilistic methods in fluids},
 doi = {10.1142/9789812703989\_0002},
 isbn = {981-238-226-7},
 mrclass = {76F02 (60G07 76M35)},
 mrnumber = {2083362},
 pages = {22--34},
 publisher = {World Sci. Publ., River Edge, NJ},
 title = {A mean field result for 3{D} vortex filaments},
 url = {https://doi.org/10.1142/9789812703989_0002},
 year = {2003}
}
