@article{bessaih.coghi.ea:19:mean,
 author = {Bessaih, Hakima and Coghi, Michele and Flandoli, Franco},
 doi = {10.1007/s10955-018-2189-4},
 fjournal = {Journal of Statistical Physics},
 issn = {0022-4715,1572-9613},
 journal = {J. Stat. Phys.},
 mrclass = {35Q31 (37C10 49Q15 70F45 76B03 76B47)},
 mrnumber = {3911777},
 number = {3},
 pages = {562--578},
 title = {Mean field limit of interacting filaments for 3{D} {E}uler equations},
 url = {https://doi.org/10.1007/s10955-018-2189-4},
 volume = {174},
 year = {2019}
}
