@article{bessaih.flandoli.ea:10:stochastic,
 author = {Bessaih, Hakima and Flandoli, Franco and Titi, Edriss S.},
 doi = {10.1007/s10955-010-0010-0},
 fjournal = {Journal of Statistical Physics},
 issn = {0022-4715,1572-9613},
 journal = {J. Stat. Phys.},
 mrclass = {76F55 (37L55 60H10 76M35)},
 mrnumber = {2670737},
 mrreviewer = {Benedetta\ Ferrario},
 number = {4},
 pages = {688--717},
 title = {Stochastic attractors for shell phenomenological models of
turbulence},
 url = {https://doi.org/10.1007/s10955-010-0010-0},
 volume = {140},
 year = {2010}
}
