@article{beurling:48:on,
  author        = {Beurling, Arne},
  doi           = {10.1007/BF02395018},
  fjournal      = {Acta Mathematica},
  issn          = {0001-5962},
  journal       = {Acta Math.},
  mrclass       = {42.4X},
  mrnumber      = {27891},
  mrreviewer    = {B. de Sz. Nagy},
  pages         = {225--238},
  title         = {On the spectral synthesis of bounded functions},
  url           = {https://doi.org/10.1007/BF02395018},
  volume        = {81},
  year          = {1948}
}
