@article{bezdek:18:existence*1,
 author = {Bezdek, Pavel},
 doi = {10.1007/s40072-017-0103-8},
 fjournal = {Stochastic Partial Differential Equations. Analysis and Computations},
 issn = {2194-0401},
 journal = {Stoch. Partial Differ. Equ. Anal. Comput.},
 mrclass = {35R60 (35A01 35B44 35R11 60H15)},
 mrnumber = {3768995},
 mrreviewer = {Le Chen},
 number = {1},
 pages = {73--108},
 title = {Existence and blow-up of solutions to the fractional stochastic heat equations},
 url = {https://doi.org/10.1007/s40072-017-0103-8},
 volume = {6},
 year = {2018}
}
