@article{bezdek:16:on,
 author = {Bezdek, Pavel},
 doi = {10.1016/j.spa.2016.03.006},
 fjournal = {Stochastic Processes and their Applications},
 issn = {0304-4149},
 journal = {Stochastic Process. Appl.},
 mrclass = {60H15 (35R60)},
 mrnumber = {3522304},
 mrreviewer = {Latifa Debbi},
 number = {9},
 pages = {2860--2875},
 title = {On weak convergence of stochastic heat equation with colored noise},
 url = {https://doi.org/10.1016/j.spa.2016.03.006},
 volume = {126},
 year = {2016}
}
