@article{biagini.hu.ea:12:insider,
 author = {Biagini, Francesca and Hu, Yaozhong and Meyer-Brandis,
Thilo and {\O}ksendal, Bernt},
 doi = {10.1007/s11579-012-0065-6},
 fjournal = {Mathematics and Financial Economics},
 issn = {1862-9679},
 journal = {Math. Financ. Econ.},
 mrclass = {60H30 (60G22 91G80)},
 mrnumber = {2966732},
 mrreviewer = {Yeliz Yolcu Okur},
 number = {3},
 pages = {229--247},
 title = {Insider trading equilibrium in a market with memory},
 url = {https://doi.org/10.1007/s11579-012-0065-6},
 volume = {6},
 year = {2012}
}
