@article{bianchi:13:uniqueness,
 author = {Bianchi, Luigi Amedeo},
 doi = {10.1214/ECP.v18-2382},
 fjournal = {Electronic Communications in Probability},
 journal = {Electron. Commun. Probab.},
 mrclass = {60H15 (35R60 60J28 76F55)},
 mrnumber = {3019671},
 pages = {no. 8, 12},
 title = {Uniqueness for an inviscid stochastic dyadic model on a
tree},
 url = {https://doi.org/10.1214/ECP.v18-2382},
 volume = {18},
 year = {2013}
}
