@book{bichteler:02:stochastic,
  author        = {Bichteler, Klaus},
  doi           = {10.1017/CBO9780511549878},
  isbn          = {0-521-81129-5},
  mrclass       = {60-02 (60G44 60H05 60H10)},
  mrnumber      = {1906715},
  mrreviewer    = {Dominique L\'{e}pingle},
  pages         = {xiv+501},
  publisher     = {Cambridge University Press, Cambridge},
  series        = {Encyclopedia of Mathematics and its Applications},
  title         = {Stochastic integration with jumps},
  url           = {https://doi.org/10.1017/CBO9780511549878},
  volume        = {89},
  year          = {2002}
}
