@incollection{bichteler.jacod:83:random,
 author = {Bichteler, K. and Jacod, J.},
 booktitle = {Theory and application of random fields ({B}angalore, 1982)},
 doi = {10.1007/BFb0044678},
 mrclass = {60H05},
 mrnumber = {799929},
 mrreviewer = {Philip Protter},
 pages = {1--18},
 publisher = {Springer, Berlin},
 series = {Lect. Notes Control Inf. Sci.},
 title = {Random measures and stochastic integration},
 url = {https://doi.org/10.1007/BFb0044678},
 volume = {49},
 year = {1983}
}
