@incollection{biferale:03:shell,
  author        = {Biferale, Luca},
  booktitle     = {Annual review of fluid mechanics, {V}ol. 35},
  doi           = {10.1146/annurev.fluid.35.101101.161122},
  mrclass       = {76F02 (37N10)},
  mrnumber      = {1967019},
  pages         = {441--468},
  publisher     = {Annual Reviews, Palo Alto, CA},
  series        = {Annu. Rev. Fluid Mech.},
  title         = {Shell models of energy cascade in turbulence},
  url           = {https://doi.org/10.1146/annurev.fluid.35.101101.161122},
  volume        = {35},
  year          = {2003}
}
