@article{biler.zienkiewicz:19:blowing,
 author = {Biler, Piotr and Zienkiewicz, Jacek},
 doi = {10.1007/s00028-018-0469-8},
 fjournal = {Journal of Evolution Equations},
 issn = {1424-3199},
 journal = {J. Evol. Equ.},
 mrclass = {92C17 (35B07 35B44 35M31 35Q92)},
 mrnumber = {3918517},
 number = {1},
 pages = {71--90},
 title = {Blowing up radial solutions in the minimal
{K}eller-{S}egel model of chemotaxis},
 url = {https://doi.org/10.1007/s00028-018-0469-8},
 volume = {19},
 year = {2019}
}
