@article{biler.corrias.ea:11:large,
 author = {Biler, Piotr and Corrias, Lucilla and Dolbeault, Jean},
 doi = {10.1007/s00285-010-0357-5},
 fjournal = {Journal of Mathematical Biology},
 issn = {0303-6812},
 journal = {J. Math. Biol.},
 mrclass = {35Q92 (35B44 35C06 35J47 35K40 35K57 92C17)},
 mrnumber = {2806487},
 number = {1},
 pages = {1--32},
 title = {Large mass self-similar solutions of the
parabolic-parabolic {K}eller-{S}egel model of chemotaxis},
 url = {https://doi.org/10.1007/s00285-010-0357-5},
 volume = {63},
 year = {2011}
}
