@article{biler.woyczynski:99:global,
 author = {Biler, Piotr and Woyczy\'{n}ski, Wojbor A.},
 doi = {10.1137/S0036139996313447},
 fjournal = {SIAM Journal on Applied Mathematics},
 issn = {0036-1399},
 journal = {SIAM J. Appl. Math.},
 mrclass = {35K55 (35B05)},
 mrnumber = {1661243},
 mrreviewer = {Song Mu Zheng},
 number = {3},
 pages = {845--869},
 title = {Global and exploding solutions for nonlocal quadratic evolution problems},
 url = {https://doi.org/10.1137/S0036139996313447},
 volume = {59},
 year = {1999}
}
