@article{biler:99:global,
  author        = {Biler, Piotr},
  fjournal      = {Advances in Mathematical Sciences and Applications},
  issn          = {1343-4373},
  journal       = {Adv. Math. Sci. Appl.},
  mrclass       = {92C17 (35B60 35K65 35Q80)},
  mrnumber      = {1690388},
  mrreviewer    = {Yuzo Hosono},
  number        = {1},
  pages         = {347--359},
  title         = {Global solutions to some parabolic-elliptic systems of chemotaxis},
  volume        = {9},
  year          = {1999}
}
