@article{biler.zienkiewicz:15:existence,
  author        = {Biler, Piotr and Zienkiewicz, Jacek},
  doi           = {10.4064/ba63-1-6},
  fjournal      = {Bulletin of the Polish Academy of Sciences. Mathematics},
  issn          = {0239-7269},
  journal       = {Bull. Pol. Acad. Sci. Math.},
  mrclass       = {35M31 (35A01 35B44 35Q92)},
  mrnumber      = {3411404},
  number        = {1},
  pages         = {41--51},
  title         = {Existence of solutions for the {K}eller-{S}egel model of chemotaxis with measures as initial data},
  url           = {https://doi.org/10.4064/ba63-1-6},
  volume        = {63},
  year          = {2015}
}
