@article{binder.damanik.ea:18:almost,
  author        = {Binder, Ilia and Damanik, David and Goldstein, Michael and Lukic, Milivoje},
  doi           = {10.1215/00127094-2018-0015},
  fjournal      = {Duke Mathematical Journal},
  issn          = {0012-7094},
  journal       = {Duke Math. J.},
  mrclass       = {35Q53 (34L40 35B15 37K10 37K15)},
  mrnumber      = {3859361},
  number        = {14},
  pages         = {2633--2678},
  title         = {Almost periodicity in time of solutions of the {K}d{V} equation},
  url           = {https://doi.org/10.1215/00127094-2018-0015},
  volume        = {167},
  year          = {2018}
}
