@book{bingham.goldie.ea:89:regular,
 author = {Bingham, N. H. and Goldie, C. M. and Teugels, J. L.},
 isbn = {0-521-37943-1},
 mrclass = {26A12 (11-01)},
 mrnumber = {1015093},
 pages = {xx+494},
 publisher = {Cambridge University Press, Cambridge},
 series = {Encyclopedia of Mathematics and its Applications},
 title = {Regular variation},
 volume = {27},
 year = {1989}
}
