@book{birge.louveaux:11:introduction,
 author = {Birge, John R and Louveaux, Francois},
 publisher = {Springer Science \& Business Media},
 title = {Introduction to Stochastic Programming},
 year = {2011}
}
