@article{birx.disser.ea:20:improved,
 author = {Alexander Birx and Yann Disser and Alexander V. Hopp and
Christina Karousatou},
 journal = {CoRR},
 title = {Improved Lower Bound for Competitive Graph Exploration},
 volume = {abs/2002.10958},
 year = {2020}
}
