@article{biswas.cherayil:95:dynamics,
 author = {Biswas, Parbati and Cherayil, Binny J.},
 doi = {10.1021/j100002a052},
 eprint = {https://doi.org/10.1021/j100002a052},
 fjournal = {The Journal of Physical Chemistry},
 journal = {J. Phys. Chem.},
 number = {2},
 pages = {816--821},
 title = {Dynamics of Fractional Brownian Walks},
 url = {https://doi.org/10.1021/j100002a052},
 volume = {99},
 year = {1995}
}
