@article{black.lankeit.ea:20:stabilization,
 author = {Black, Tobias and Lankeit, Johannes and Mizukami,
Masaaki},
 doi = {10.1080/00036811.2019.1585534},
 fjournal = {Applicable Analysis. An International Journal},
 issn = {0003-6811},
 journal = {Appl. Anal.},
 mrclass = {35B40 (35K51 35Q92 92C17)},
 mrnumber = {4174428},
 number = {16},
 pages = {2877--2891},
 title = {Stabilization in the {K}eller-{S}egel system with
signal-dependent sensitivity},
 url = {https://doi.org/10.1080/00036811.2019.1585534},
 volume = {99},
 year = {2020}
}
