@article{blanchet.carrillo.ea:09:critical,
  author        = {Blanchet, Adrien and Carrillo, Jos\'{e} A. and Lauren\c{c}ot, Philippe},
  doi           = {10.1007/s00526-008-0200-7},
  fjournal      = {Calculus of Variations and Partial Differential Equations},
  issn          = {0944-2669},
  journal       = {Calc. Var. Partial Differential Equations},
  mrclass       = {35K57 (35B40 35B44 35C06 92C17)},
  mrnumber      = {2481820},
  mrreviewer    = {Gabriela Marinoschi},
  number        = {2},
  pages         = {133--168},
  title         = {Critical mass for a {P}atlak-{K}eller-{S}egel model with degenerate diffusion in higher dimensions},
  url           = {https://doi.org/10.1007/s00526-008-0200-7},
  volume        = {35},
  year          = {2009}
}
