@article{blanchet.dolbeault.ea:06:two-dimensional,
  author        = {Blanchet, Adrien and Dolbeault, Jean and Perthame, Beno\^{i}t},
  fjournal      = {Electronic Journal of Differential Equations},
  journal       = {Electron. J. Differential Equations},
  mrclass       = {35Q80 (35B45 35D05 92C17)},
  mrnumber      = {2226917},
  mrreviewer    = {Roberto Natalini},
  pages         = {No. 44, 32},
  title         = {Two-dimensional {K}eller-{S}egel model: optimal critical mass and qualitative properties of the solutions},
  year          = {2006}
}
