@book{blatter:74:analysis,
 author = {Blatter, Christian},
 mrclass = {26-01},
 mrnumber = {349908},
 pages = {xii+180},
 publisher = {Springer-Verlag, Berlin-New York},
 series = {Heidelberger Taschenb\"{u}cher [Heidelberg Paperbacks], Band 152},
 title = {Analysis. {II}},
 year = {1974}
}
