@incollection{bleher.bourgain:96:distribution,
 author = {Bleher, P. and Bourgain, J.},
 booktitle = {Analytic number theory, {V}ol. 1 ({A}llerton {P}ark, {IL},
1995)},
 doi = {10.1007/s10107-012-0541-z},
 isbn = {0-8176-3824-5},
 mrclass = {11P21},
 mrnumber = {1399335},
 mrreviewer = {Hartmut\ Menzer},
 pages = {141--153},
 publisher = {Birkh\"{a}user Boston, Boston, MA},
 series = {Progr. Math.},
 title = {Distribution of the error term for the number of lattice
points inside a shifted ball},
 url = {https://doi.org/10.1007/s10107-012-0541-z},
 volume = {138},
 year = {1996}
}
