@article{bleher.its:99:semiclassical,
 author = {Bleher, Pavel and Its, Alexander},
 doi = {10.2307/121101},
 fjournal = {Annals of Mathematics. Second Series},
 issn = {0003-486X},
 journal = {Ann. of Math. (2)},
 mrclass = {42C05 (30E25 81Q20 82B44)},
 mrnumber = {1715324},
 mrreviewer = {Thomas Kriecherbauer},
 number = {1},
 pages = {185--266},
 title = {Semiclassical asymptotics of orthogonal polynomials, {R}iemann-{H}ilbert problem, and universality in the matrix model},
 url = {https://doi.org/10.2307/121101},
 volume = {150},
 year = {1999}
}
