@book{bloemendal:11:finite,
  author        = {Bloemendal, Alexander},
  isbn          = {978-0494-78131-9},
  mrclass       = {Thesis},
  mrnumber      = {3004406},
  note          = {Thesis (Ph.D.)--University of Toronto (Canada)},
  pages         = {126},
  publisher     = {ProQuest LLC, Ann Arbor, MI},
  title         = {Finite {R}ank {P}erturbations of {R}andom {M}atrices and {T}heir {C}ontinuum {L}imits},
  url           = {http://gateway.proquest.com/openurl?url\_ver=Z39.88-2004\&rft\_val\_fmt=info:ofi/fmt:kev:mtx:dissertation\&res\_dat=xri:pqm\&rft\_dat=xri:pqdiss:NR78131},
  year          = {2011}
}
