@incollection{blomker.hairer.ea:10:some,
 author = {Bl\"{o}mker, Dirk and Hairer, Martin and Pavliotis, Grigorios A.},
 booktitle = {Stochastic partial differential equations and applications},
 mrclass = {60H15},
 mrnumber = {2985080},
 pages = {37--50},
 publisher = {Dept. Math., Seconda Univ. Napoli, Caserta},
 series = {Quad. Mat.},
 title = {Some remarks on stabilization by additive noise},
 volume = {25},
 year = {2010}
}
