@incollection{blomker.hairer:05:amplitude,
  author        = {Bl\"{o}mker, Dirk and Hairer, Martin},
  booktitle     = {Probability and partial differential equations in modern applied mathematics},
  doi           = {10.1007/978-0-387-29371-4\_4},
  mrclass       = {60H15 (35R60 37L10 37L40 60H10)},
  mrnumber      = {2202032},
  pages         = {41--59},
  publisher     = {Springer, New York},
  series        = {IMA Vol. Math. Appl.},
  title         = {Amplitude equations for {SPDE}s: approximate centre manifolds and invariant measures},
  url           = {https://doi.org/10.1007/978-0-387-29371-4\_4},
  volume        = {140},
  year          = {2005}
}
