@book{blumenthal.getoor:68:markov,
  author        = {Blumenthal, R. M. and Getoor, R. K.},
  mrclass       = {60.62 (60.60)},
  mrnumber      = {0264757},
  mrreviewer    = {J. L. Doob},
  pages         = {x+313},
  publisher     = {Academic Press, New York-London},
  series        = {Pure and Applied Mathematics, Vol. 29},
  title         = {Markov processes and potential theory},
  year          = {1968}
}
