@article{bo.zhang:09:large,
 author = {Bo, Lijun and Zhang, Tusheng},
 doi = {10.1080/17442500801981084},
 fjournal = {Stochastics. An International Journal of Probability and Stochastic Processes},
 issn = {1744-2508},
 journal = {Stochastics},
 mrclass = {60F10 (60J60)},
 mrnumber = {2589409},
 mrreviewer = {Song Liang},
 number = {6},
 pages = {531--543},
 title = {Large deviations for perturbed reflected diffusion processes},
 url = {https://doi.org/10.1080/17442500801981084},
 volume = {81},
 year = {2009}
}
