@article{boas.boas:88:short,
 author = {Boas, H. P. and Boas, R. P.},
 doi = {10.2307/2047332},
 fjournal = {Proceedings of the American Mathematical Society},
 issn = {0002-9939},
 journal = {Proc. Amer. Math. Soc.},
 mrclass = {31B05 (30D30)},
 mrnumber = {934865},
 mrreviewer = {\"{U}. Kuran},
 number = {4},
 pages = {906--908},
 title = {Short proofs of three theorems on harmonic functions},
 url = {https://doi.org/10.2307/2047332},
 volume = {102},
 year = {1988}
}
