@article{bobkov.houdre:00:weak,
  author        = {Bobkov, Sergey G. and Houdr\'{e}, Christian},
  doi           = {10.2307/3318510},
  fjournal      = {Bernoulli. Official Journal of the Bernoulli Society for Mathematical Statistics and Probability},
  issn          = {1350-7265},
  journal       = {Bernoulli},
  mrclass       = {28A75 (28A35 60E15 60F99)},
  mrnumber      = {1777687},
  mrreviewer    = {Werner Linde},
  number        = {4},
  pages         = {621--632},
  title         = {Weak dimension-free concentration of measure},
  url           = {https://doi.org/10.2307/3318510},
  volume        = {6},
  year          = {2000}
}
