@article{bockenhauer.fuchs.ea:18:graph,
 author = {Hans{-}Joachim B{\"{o}}ckenhauer and Janosch Fuchs and
Walter Unger},
 journal = {CoRR},
 title = {The Graph Exploration Problem with Advice},
 volume = {abs/1804.06675},
 year = {2018}
}
