@article{bodineau.derrida:06:current,
 author = {Bodineau, T. and Derrida, B.},
 doi = {10.1007/s10955-006-9048-4},
 fjournal = {Journal of Statistical Physics},
 issn = {0022-4715,1572-9613},
 journal = {J. Stat. Phys.},
 mrclass = {82C22 (60F10 60K35)},
 mrnumber = {2227085},
 mrreviewer = {Ellen\ Saada},
 number = {2},
 pages = {277--300},
 title = {Current large deviations for asymmetric exclusion
processes with open boundaries},
 url = {https://doi.org/10.1007/s10955-006-9048-4},
 volume = {123},
 year = {2006}
}
