@article{bodineau.derrida.ea:10:diffusive,
 author = {Bodineau, T. and Derrida, B. and Lebowitz, J. L.},
 doi = {10.1007/s10955-010-0012-y},
 fjournal = {Journal of Statistical Physics},
 issn = {0022-4715,1572-9613},
 journal = {J. Stat. Phys.},
 mrclass = {82C70},
 mrnumber = {2670735},
 mrreviewer = {Christian\ Dogbe},
 number = {4},
 pages = {648--675},
 title = {A diffusive system driven by a battery or by a smoothly varying field},
 url = {https://doi.org/10.1007/s10955-010-0012-y},
 volume = {140},
 year = {2010}
}
