@article{bogachev.kosov.ea:15:two,
 author = {Bogachev, V. I. and Kosov, E. D. and Nourdin, I. and Poly,
G.},
 doi = {10.1137/S0040585X97T987041},
 fjournal = {Theory of Probability and its Applications},
 issn = {0040-585X},
 journal = {Theory Probab. Appl.},
 mrclass = {60G15 (60F05 60H07)},
 mrnumber = {3416047},
 mrreviewer = {Peter Parczewski},
 number = {2},
 pages = {208--221},
 title = {Two properties of vectors of quadratic forms in {G}aussian
random variables},
 url = {https://doi.org/10.1137/S0040585X97T987041},
 volume = {59},
 year = {2015}
}
