@book{bogachev:07:measure,
 author = {Bogachev, V. I.},
 doi = {10.1007/978-3-540-34514-5},
 isbn = {978-3-540-34513-8; 3-540-34513-2},
 mrclass = {28-02 (28Axx 28Cxx 46G12 60G42 60G44)},
 mrnumber = {2267655},
 mrreviewer = {Ren\'{e} L. Schilling},
 pages = {Vol. I: xviii+500 pp., Vol. II: xiv+575},
 publisher = {Springer-Verlag, Berlin},
 title = {Measure theory. {V}ol. {I}, {II}},
 url = {https://doi.org/10.1007/978-3-540-34514-5},
 year = {2007}
}
