@incollection{bohigas.weidenmuller:11:history-an,
  author        = {Bohigas, O. and Weidenm\"{u}ller, H. A.},
  booktitle     = {The {O}xford handbook of random matrix theory},
  mrclass       = {60B20 (01A60 60-03)},
  mrnumber      = {2932622},
  pages         = {15--39},
  publisher     = {Oxford Univ. Press, Oxford},
  title         = {History---an overview},
  year          = {2011}
}
