@article{bohm:69:oktaeder,
 author = {B\"{o}hm, Wolfgang},
 doi = {10.1007/BF01899600},
 fjournal = {Archiv der Mathematik},
 issn = {0003-889X},
 journal = {Arch. Math. (Basel)},
 mrclass = {50.10},
 mrnumber = {250167},
 mrreviewer = {H. Lenz},
 pages = {444--447},
 title = {Oktaeder mit einbeschriebener {K}ugel},
 url = {https://doi.org/10.1007/BF01899600},
 volume = {20},
 year = {1969}
}
