@article{boivin:90:first,
 author = {Boivin, Daniel},
 doi = {10.1007/BF01198171},
 fjournal = {Probability Theory and Related Fields},
 issn = {0178-8051},
 journal = {Probab. Theory Related Fields},
 mrclass = {60K35},
 mrnumber = {1074741},
 number = {4},
 pages = {491--499},
 title = {First passage percolation: the stationary case},
 url = {https://doi.org/10.1007/BF01198171},
 volume = {86},
 year = {1990}
}
