@article{bollobas.leader:91:edge-isoperimetric,
  author        = {Bollob\'{a}s, B\'{e}la and Leader, Imre},
  doi           = {10.1007/BF01275667},
  fjournal      = {Combinatorica. An International Journal on Combinatorics and the Theory of Computing},
  issn          = {0209-9683},
  journal       = {Combinatorica},
  mrclass       = {51M25 (05C35)},
  mrnumber      = {1137765},
  mrreviewer    = {B\'{e}la Uhrin},
  number        = {4},
  pages         = {299--314},
  title         = {Edge-isoperimetric inequalities in the grid},
  url           = {https://doi.org/10.1007/BF01275667},
  volume        = {11},
  year          = {1991}
}
