@article{bolthausen:93:on,
  author        = {Bolthausen, Erwin},
  doi           = {10.1007/BF01199313},
  fjournal      = {Probability Theory and Related Fields},
  issn          = {0178-8051},
  journal       = {Probab. Theory Related Fields},
  mrclass       = {60K35 (82B31 82D60)},
  mrnumber      = {1240717},
  mrreviewer    = {Anton Bovier},
  number        = {1-2},
  pages         = {81--101},
  title         = {On the construction of the three-dimensional polymer measure},
  url           = {https://doi.org/10.1007/BF01199313},
  volume        = {97},
  year          = {1993}
}
