@article{bolthausen.zeitouni:07:multiscale,
 author = {Bolthausen, Erwin and Zeitouni, Ofer},
 doi = {10.1007/s00440-006-0032-3},
 fjournal = {Probability Theory and Related Fields},
 issn = {0178-8051,1432-2064},
 journal = {Probab. Theory Related Fields},
 mrclass = {60K37 (60F05 60G50)},
 mrnumber = {2299720},
 mrreviewer = {Francis\ Comets},
 number = {3-4},
 pages = {581--645},
 title = {Multiscale analysis of exit distributions for random walks in random environments},
 url = {https://doi.org/10.1007/s00440-006-0032-3},
 volume = {138},
 year = {2007}
}
