@article{bolthausen.deuschel.ea:11:recursions,
  author        = {Bolthausen, Erwin and Deuschel, Jean Dominique and Zeitouni, Ofer},
  doi           = {10.1214/ECP.v16-1610},
  fjournal      = {Electronic Communications in Probability},
  journal       = {Electron. Commun. Probab.},
  mrclass       = {60G15 (60G60)},
  mrnumber      = {2772390},
  mrreviewer    = {Sebastian M\"{u}ller},
  pages         = {114--119},
  title         = {Recursions and tightness for the maximum of the discrete, two dimensional {G}aussian free field},
  url           = {https://doi.org/10.1214/ECP.v16-1610},
  volume        = {16},
  year          = {2011}
}
