@article{bombieri.bourgain:04:remark,
 author = {Bombieri, E. and Bourgain, J.},
 doi = {10.1155/S1073792804143444},
 fjournal = {International Mathematics Research Notices},
 issn = {1073-7928,1687-0247},
 journal = {Int. Math. Res. Not.},
 mrclass = {30B10},
 mrnumber = {2126627},
 mrreviewer = {P.\ Lappan},
 number = {80},
 pages = {4307--4330},
 title = {A remark on {B}ohr's inequality},
 url = {https://doi.org/10.1155/S1073792804143444},
 year = {2004}
}
