@article{bombieri.bourgain:09:on,
 author = {Bombieri, Enrico and Bourgain, Jean},
 doi = {10.4171/jems/163},
 fjournal = {Journal of the European Mathematical Society (JEMS)},
 issn = {1435-9855,1435-9863},
 journal = {J. Eur. Math. Soc. (JEMS)},
 mrclass = {42A05 (11C08 11L03 42A16)},
 mrnumber = {2505444},
 mrreviewer = {Sergeu{i}\ V.\ Konyagin},
 number = {3},
 pages = {627--703},
 title = {On {K}ahane's ultraflat polynomials},
 url = {https://doi.org/10.4171/jems/163},
 volume = {11},
 year = {2009}
}
