@article{bonaccorsi.tudor:11:dissipative,
  author        = {Bonaccorsi, S. and Tudor, C. A.},
  doi           = {10.1007/s10884-011-9217-2},
  fjournal      = {Journal of Dynamics and Differential Equations},
  issn          = {1040-7294,1572-9222},
  journal       = {J. Dynam. Differential Equations},
  mrclass       = {60H15 (60G22 60H05)},
  mrnumber      = {2859941},
  mrreviewer    = {Raluca\ M.\ Balan},
  number        = {4},
  pages         = {791--816},
  title         = {Dissipative stochastic evolution equations driven by general {G}aussian and non-{G}aussian noise},
  url           = {https://doi.org/10.1007/s10884-011-9217-2},
  volume        = {23},
  year          = {2011}
}
