@article{bona.scott:76:solutions,
 author = {Bona, Jerry and Scott, Ridgway},
 fjournal = {Duke Mathematical Journal},
 issn = {0012-7094},
 journal = {Duke Math. J.},
 mrclass = {35Q99},
 mrnumber = {393887},
 mrreviewer = {R. Glassey},
 number = {1},
 pages = {87--99},
 title = {Solutions of the {K}orteweg-de {V}ries equation in fractional order {S}obolev spaces},
 url = {http://projecteuclid.org/euclid.dmj/1077311492},
 volume = {43},
 year = {1976}
}
