@article{bona.smith:75:initial-value,
 author = {Bona, J. L. and Smith, R.},
 doi = {10.1098/rsta.1975.0035},
 fjournal = {Philosophical Transactions of the Royal Society of London.
Series A. Mathematical and Physical Sciences},
 issn = {0080-4614},
 journal = {Philos. Trans. Roy. Soc. London Ser. A},
 mrclass = {35Q99},
 mrnumber = {385355},
 mrreviewer = {Theodore E. Dushane},
 number = {1287},
 pages = {555--601},
 title = {The initial-value problem for the {K}orteweg-de {V}ries
equation},
 url = {https://doi.org/10.1098/rsta.1975.0035},
 volume = {278},
 year = {1975}
}
