@inproceedings{bonder:74:time-space,
 author = {Bonder, Julian},
 booktitle = {Differential geometry and continuum mechanics ({P}roc. {C}onf., {J}ab\l onna. 1970) ({P}olish)},
 mrclass = {76.53},
 mrnumber = {0462174},
 pages = {32--65},
 title = {Time-space tensor structure of adjoint fields of gas magnetodynamics},
 year = {1974}
}
