@article{bony:81:calcul,
  author        = {Bony, Jean-Michel},
  fjournal      = {Annales Scientifiques de l'\'{E}cole Normale Sup\'{e}rieure. Quatri\`eme S\'{e}rie},
  issn          = {0012-9593},
  journal       = {Ann. Sci. \'{E}cole Norm. Sup. (4)},
  mrclass       = {35S99 (35G20)},
  mrnumber      = {631751},
  mrreviewer    = {J. Lacroix},
  number        = {2},
  pages         = {209--246},
  title         = {Calcul symbolique et propagation des singularit\'{e}s pour les \'{e}quations aux d\'{e}riv\'{e}es partielles non lin\'{e}aires},
  url           = {http://www.numdam.org/item?id=ASENS\_1981\_4\_14\_2\_209\_0},
  volume        = {14},
  year          = {1981}
}
