@article{borodin:99:longest,
 author = {Borodin, Alexei},
 doi = {10.37236/1445},
 fjournal = {Electronic Journal of Combinatorics},
 journal = {Electron. J. Combin.},
 mrclass = {05A16},
 mrnumber = {1667453},
 mrreviewer = {Jennifer R. Galovich},
 pages = {Research Paper 13, 12},
 title = {Longest increasing subsequences of random colored permutations},
 url = {https://doi.org/10.37236/1445},
 volume = {6},
 year = {1999}
}
