@article{borodin.corwin.ea:15:height,
 author = {Borodin, Alexei and Corwin, Ivan and Ferrari, Patrik and
Vet\H{o}, B\'{a}lint},
 doi = {10.1007/s11040-015-9189-2},
 fjournal = {Mathematical Physics, Analysis and Geometry. An
International Journal Devoted to the Theory and
Applications of Analysis and Geometry to Physics},
 issn = {1385-0172},
 journal = {Math. Phys. Anal. Geom.},
 mrclass = {82C22 (60H15 82B23)},
 mrnumber = {3366125},
 number = {1},
 pages = {Art. 20, 95},
 title = {Height fluctuations for the stationary {KPZ} equation},
 url = {https://doi.org/10.1007/s11040-015-9189-2},
 volume = {18},
 year = {2015}
}
