@incollection{borodin.gorin:16:lectures,
 author = {Borodin, Alexei and Gorin, Vadim},
 booktitle = {Probability and statistical physics in {S}t. {P}etersburg},
 doi = {10.1007/s00029-010-0034-y},
 mrclass = {60K35 (05D40 33D80 60F05 60G55 82D60)},
 mrnumber = {3526828},
 mrreviewer = {B\'{a}lint Vet\H{o}},
 pages = {155--214},
 publisher = {Amer. Math. Soc., Providence, RI},
 series = {Proc. Sympos. Pure Math.},
 title = {Lectures on integrable probability},
 url = {https://doi.org/10.1007/s00029-010-0034-y},
 volume = {91},
 year = {2016}
}
