@article{borodin.corwin.ea:16:stochastic,
  author        = {Borodin, Alexei and Corwin, Ivan and Gorin, Vadim},
  doi           = {10.1215/00127094-3166843},
  fjournal      = {Duke Mathematical Journal},
  issn          = {0012-7094},
  journal       = {Duke Math. J.},
  mrclass       = {82B20 (60K35)},
  mrnumber      = {3466163},
  mrreviewer    = {Konstantin Izyurov},
  number        = {3},
  pages         = {563--624},
  title         = {Stochastic six-vertex model},
  url           = {https://doi.org/10.1215/00127094-3166843},
  volume        = {165},
  year          = {2016}
}
