@incollection{borodin:11:determinantal,
 author = {Borodin, Alexei},
 booktitle = {The {O}xford handbook of random matrix theory},
 mrclass = {60G55 (15B52 60-02 60B20)},
 mrnumber = {2932631},
 mrreviewer = {Sho Matsumoto},
 pages = {231--249},
 publisher = {Oxford Univ. Press, Oxford},
 title = {Determinantal point processes},
 year = {2011}
}
