@article{borodin.corwin.ea:15:spectral,
 author = {Borodin, Alexei and Corwin, Ivan and Petrov, Leonid and
Sasamoto, Tomohiro},
 doi = {10.1007/s00220-015-2424-7},
 fjournal = {Communications in Mathematical Physics},
 issn = {0010-3616},
 journal = {Comm. Math. Phys.},
 mrclass = {82B23 (81R12)},
 mrnumber = {3385995},
 number = {3},
 pages = {1167--1245},
 title = {Spectral theory for interacting particle systems solvable
by coordinate {B}ethe ansatz},
 url = {https://doi.org/10.1007/s00220-015-2424-7},
 volume = {339},
 year = {2015}
}
