@article{borodin.olshanski:05:random,
  author        = {Borodin, Alexei and Olshanski, Grigori},
  doi           = {10.1016/j.aim.2004.06.003},
  fjournal      = {Advances in Mathematics},
  issn          = {0001-8708},
  journal       = {Adv. Math.},
  mrclass       = {60C05 (33C45)},
  mrnumber      = {2141857},
  mrreviewer    = {Volker Schmidt},
  number        = {1},
  pages         = {141--202},
  title         = {Random partitions and the gamma kernel},
  url           = {https://doi.org/10.1016/j.aim.2004.06.003},
  volume        = {194},
  year          = {2005}
}
