@article{borodin.corwin.ea:15:classical,
 author = {Borodin, Alexei and Corwin, Ivan and Remenik, Daniel},
 doi = {10.3842/SIGMA.2015.098},
 fjournal = {SIGMA. Symmetry, Integrability and Geometry. Methods and Applications},
 journal = {SIGMA Symmetry Integrability Geom. Methods Appl.},
 mrclass = {33D52 (05E05 82B23)},
 mrnumber = {3430456},
 mrreviewer = {Xinrong Ma},
 pages = {Paper 098, 7},
 title = {A classical limit of {N}oumi's {$q$}-integral operator},
 url = {https://doi.org/10.3842/SIGMA.2015.098},
 volume = {11},
 year = {2015}
}
