@article{borodin.corwin.ea:17:stochastic,
 author = {Borodin, Alexei and Corwin, Ivan and Toninelli, Fabio
Lucio},
 doi = {10.1007/s00220-016-2718-4},
 fjournal = {Communications in Mathematical Physics},
 issn = {0010-3616},
 journal = {Comm. Math. Phys.},
 mrclass = {82C22 (60H15)},
 mrnumber = {3607467},
 mrreviewer = {Yu-Ting Chen},
 number = {3},
 pages = {957--984},
 title = {Stochastic heat equation limit of a {$(2+1)$}d growth
model},
 url = {https://doi.org/10.1007/s00220-016-2718-4},
 volume = {350},
 year = {2017}
}
