@incollection{borodin.corwin:14:macdonald*1,
  author        = {Borodin, A. and Corwin, I.},
  booktitle     = {X{VII}th {I}nternational {C}ongress on {M}athematical {P}hysics},
  mrclass       = {60K35 (60B99 82B23 82C22)},
  mrnumber      = {3204480},
  pages         = {292--316},
  publisher     = {World Sci. Publ., Hackensack, NJ},
  title         = {Macdonald processes},
  year          = {2014}
}
