@article{bothe.pierre:10:quasi-steady-state,
  author        = {Bothe, Dieter and Pierre, Michel},
  doi           = {10.1016/j.jmaa.2010.02.044},
  fjournal      = {Journal of Mathematical Analysis and Applications},
  issn          = {0022-247X},
  journal       = {J. Math. Anal. Appl.},
  mrclass       = {92E20 (35Q92)},
  mrnumber      = {2609263},
  number        = {1},
  pages         = {120--132},
  title         = {Quasi-steady-state approximation for a reaction-diffusion system with fast intermediate},
  url           = {https://doi.org/10.1016/j.jmaa.2010.02.044},
  volume        = {368},
  year          = {2010}
}
