@article{bouchaud.orland:90:on,
  author        = {Bouchaud, J.-P. and Orland, H.},
  doi           = {10.1007/BF01027306},
  fjournal      = {Journal of Statistical Physics},
  issn          = {0022-4715},
  journal       = {J. Statist. Phys.},
  mrclass       = {82D60},
  mrnumber      = {1086301},
  number        = {3-4},
  pages         = {877--884},
  title         = {On the {B}ethe ansatz for random directed polymers},
  url           = {https://doi.org/10.1007/BF01027306},
  volume        = {61},
  year          = {1990}
}
