@book{boucheron.lugosi.ea:13:concentration,
 author = {Boucheron, St\'{e}phane and Lugosi, G\'{a}bor and Massart,
Pascal},
 doi = {10.1093/acprof:oso/9780199535255.001.0001},
 isbn = {978-0-19-953525-5},
 mrclass = {60E15 (60D05 60G15 60G50 60G70 62G20)},
 mrnumber = {3185193},
 mrreviewer = {Sreenivasan Ravi},
 note = {A nonasymptotic theory of independence, With a foreword by
Michel Ledoux},
 pages = {x+481},
 publisher = {Oxford University Press, Oxford},
 title = {Concentration inequalities},
 url = {https://doi.org/10.1093/acprof:oso/9780199535255.001.0001},
 year = {2013}
}
