@article{bouchaud.georges:90:anomalous,
 author = {Bouchaud, Jean-Philippe and Georges, Antoine},
 doi = {10.1016/0370-1573(90)90099-N},
 fjournal = {Physics Reports. A Review Section of Physics Letters},
 issn = {0370-1573},
 journal = {Phys. Rep.},
 mrclass = {82C44 (82-02 82C31)},
 mrnumber = {1081295},
 number = {4-5},
 pages = {127--293},
 title = {Anomalous diffusion in disordered media: statistical
mechanisms, models and physical applications},
 url = {https://doi.org/10.1016/0370-1573(90)90099-N},
 volume = {195},
 year = {1990}
}
