@incollection{bouchaud.potters:11:financial,
  author        = {Bouchaud, Jean-Philippe and Potters, Marc},
  booktitle     = {The {O}xford handbook of random matrix theory},
  mrclass       = {60B20 (62P05 91G10 91G80)},
  mrnumber      = {2932660},
  pages         = {824--850},
  publisher     = {Oxford Univ. Press, Oxford},
  title         = {Financial applications of random matrix theory: a short review},
  year          = {2011}
}
