@article{bourgain.gamburd:08:on,
  author        = {Bourgain, Jean and Gamburd, Alex},
  doi           = {10.1007/s00222-007-0072-z},
  fjournal      = {Inventiones Mathematicae},
  issn          = {0020-9910,1432-1297},
  journal       = {Invent. Math.},
  mrclass       = {22E30 (11B75 43A75)},
  mrnumber      = {2358056},
  mrreviewer    = {Ben\ Joseph\ Green},
  number        = {1},
  pages         = {83--121},
  title         = {On the spectral gap for finitely-generated subgroups of {$\rm SU(2)$}},
  url           = {https://doi.org/10.1007/s00222-007-0072-z},
  volume        = {171},
  year          = {2008}
}
