@article{bourgain.li:14:on,
  author        = {Bourgain, Jean and Li, Dong},
  fjournal      = {Differential and Integral Equations. An International Journal for Theory \& Applications},
  issn          = {0893-4983},
  journal       = {Differential Integral Equations},
  mrclass       = {42B20 (46E35)},
  mrnumber      = {3263081},
  mrreviewer    = {Juha\ K.\ Kinnunen},
  number        = {11-12},
  pages         = {1037--1072},
  title         = {On an endpoint {K}ato-{P}once inequality},
  url           = {http://projecteuclid.org/euclid.die/1408366784},
  volume        = {27},
  year          = {2014}
}
