@article{bourgain:15:on,
  author        = {Bourgain, Jean},
  doi           = {10.1093/imrn/rnt241},
  fjournal      = {International Mathematics Research Notices. IMRN},
  issn          = {1073-7928,1687-0247},
  journal       = {Int. Math. Res. Not. IMRN},
  mrclass       = {58J50 (58J60)},
  mrnumber      = {3340367},
  mrreviewer    = {De\ Tang\ Zhou},
  number        = {6},
  pages         = {1601--1612},
  title         = {On {P}leijel's nodal domain theorem},
  url           = {https://doi.org/10.1093/imrn/rnt241},
  year          = {2015}
}
