@article{bourgain:83:proprietes,
  author        = {Bourgain, J.},
  fjournal      = {Bulletin de la Soci\'{e}t\'{e} Math\'{e}matique de France},
  issn          = {0037-9484},
  journal       = {Bull. Soc. Math. France},
  mrclass       = {43A46 (42A55)},
  mrnumber      = {763552},
  mrreviewer    = {Gilles\ Pisier},
  number        = {4},
  pages         = {421--428},
  title         = {Propri\'{e}t\'{e}s de d\'{e}composition pour les ensembles de {S}idon},
  url           = {http://www.numdam.org/item?id=BSMF_1983__111__421_0},
  volume        = {111},
  year          = {1983}
}
