@article{bourgain:85:on*1,
 author = {Bourgain, J.},
 fjournal = {Bulletin de la Soci\'{e}t\'{e} Math\'{e}matique de Belgique. S\'{e}rie B},
 issn = {0037-9476},
 journal = {Bull. Soc. Math. Belg. S\'{e}r. B},
 mrclass = {42A50 (42A45)},
 mrnumber = {847119},
 mrreviewer = {Jos\'{e}\ L.\ Rubio de Francia},
 number = {1},
 pages = {20--26},
 title = {On square functions on the trigonometric system},
 volume = {37},
 year = {1985}
}
