@article{bourgain:80:on*2,
 author = {Bourgain, J.},
 fjournal = {Bulletin de la Soci\'{e}t\'{e} Math\'{e}matique de
Belgique. S\'{e}rie B},
 issn = {0037-9476},
 journal = {Bull. Soc. Math. Belg. S\'{e}r. B},
 mrclass = {05A99},
 mrnumber = {682989},
 mrreviewer = {J.\ Spencer},
 number = {1},
 pages = {29--32},
 title = {On lacunary sets},
 volume = {32},
 year = {1980}
}
