@incollection{bourgain.klartag.ea:04:symmetrization,
 author = {Bourgain, J. and Klartag, B. and Milman, V.},
 booktitle = {Geometric aspects of functional analysis},
 doi = {10.1007/978-3-540-44489-3\_10},
 isbn = {3-540-22360-6},
 mrclass = {52A20},
 mrnumber = {2087154},
 mrreviewer = {Shlomo\ Reisner},
 pages = {101--115},
 publisher = {Springer, Berlin},
 series = {Lecture Notes in Math.},
 title = {Symmetrization and isotropic constants of convex bodies},
 url = {https://doi.org/10.1007/978-3-540-44489-3_10},
 volume = {1850},
 year = {2004}
}
