@article{bourgain:16:on*1,
  author        = {Bourgain, Jean},
  doi           = {10.1007/s11854-016-0012-1},
  fjournal      = {Journal d'Analyse Math\'{e}matique},
  issn          = {0021-7670,1565-8538},
  journal       = {J. Anal. Math.},
  mrclass       = {11F30},
  mrnumber      = {3481179},
  mrreviewer    = {Hidenori\ Katsurada},
  pages         = {355--367},
  title         = {On the {F}ourier-{W}alsh spectrum of the {M}oebius function, {II}},
  url           = {https://doi.org/10.1007/s11854-016-0012-1},
  volume        = {128},
  year          = {2016}
}
