@article{bourgain:14:on*5,
 author = {Bourgain, Jean},
 doi = {10.1007/s11856-014-1037-z},
 fjournal = {Israel Journal of Mathematics},
 issn = {0021-2172,1565-8511},
 journal = {Israel J. Math.},
 mrclass = {60G15 (35J05 35P20)},
 mrnumber = {3265298},
 mrreviewer = {Isamu\ D\^{o}ku},
 number = {2},
 pages = {611--630},
 title = {On toral eigenfunctions and the random wave model},
 url = {https://doi.org/10.1007/s11856-014-1037-z},
 volume = {201},
 year = {2014}
}
