@article{bourgain.kontorovich:10:on,
 author = {Bourgain, Jean and Kontorovich, Alex},
 doi = {10.1016/j.crma.2010.08.004},
 fjournal = {Comptes Rendus Math\'{e}matique. Acad\'{e}mie des
Sciences. Paris},
 issn = {1631-073X,1778-3569},
 journal = {C. R. Math. Acad. Sci. Paris},
 mrclass = {11N05 (11E12)},
 mrnumber = {2721776},
 number = {17-18},
 pages = {947--950},
 title = {On a theorem of {F}riedlander and {I}waniec},
 url = {https://doi.org/10.1016/j.crma.2010.08.004},
 volume = {348},
 year = {2010}
}
