@article{bourgain.gamburd:08:expansion,
 author = {Bourgain, Jean and Gamburd, Alex},
 doi = {10.4171/JEMS/137},
 fjournal = {Journal of the European Mathematical Society (JEMS)},
 issn = {1435-9855,1435-9863},
 journal = {J. Eur. Math. Soc. (JEMS)},
 mrclass = {05C25},
 mrnumber = {2443926},
 mrreviewer = {Harald\ A.\ Helfgott},
 number = {4},
 pages = {987--1011},
 title = {Expansion and random walks in {${\rm SL}_d(\Bbb Z/p^n\Bbb Z)$}. {I}},
 url = {https://doi.org/10.4171/JEMS/137},
 volume = {10},
 year = {2008}
}
