@article{bourgain:93:fourier,
  author        = {Bourgain, J.},
  doi           = {10.1007/BF01896020},
  fjournal      = {Geometric and Functional Analysis},
  issn          = {1016-443X},
  journal       = {Geom. Funct. Anal.},
  mrclass       = {35Q55 (11L07 35B10)},
  mrnumber      = {1209299},
  mrreviewer    = {Yun Mei Chen},
  number        = {2},
  pages         = {107--156},
  title         = {Fourier transform restriction phenomena for certain lattice subsets and applications to nonlinear evolution equations. {I}. {S}chr\"{o}dinger equations},
  url           = {https://doi.org/10.1007/BF01896020},
  volume        = {3},
  year          = {1993}
}
