@article{bourgain:84:new*1,
  author        = {Bourgain, J.},
  doi           = {10.1007/BF02392189},
  fjournal      = {Acta Mathematica},
  issn          = {0001-5962,1871-2509},
  journal       = {Acta Math.},
  mrclass       = {46J15 (30D55 46B20 46E15)},
  mrnumber      = {736210},
  mrreviewer    = {S.\ V.\ Kislyakov},
  number        = {1-2},
  pages         = {1--48},
  title         = {New {B}anach space properties of the disc algebra and {$H\sp{infty }$}},
  url           = {https://doi.org/10.1007/BF02392189},
  volume        = {152},
  year          = {1984}
}
