@article{bourgain:82:nonisomorphism,
  author        = {Bourgain, J.},
  doi           = {10.1016/0022-1236(82)90043-X},
  fjournal      = {Journal of Functional Analysis},
  issn          = {0022-1236},
  journal       = {J. Functional Analysis},
  mrclass       = {46J15 (30H05 32A35)},
  mrnumber      = {654464},
  number        = {1},
  pages         = {45--57},
  title         = {The nonisomorphism of {$H\sp{1}$}-spaces in one and several variables},
  url           = {https://doi.org/10.1016/0022-1236(82)90043-X},
  volume        = {46},
  year          = {1982}
}
