@incollection{bourgain:80:walsh,
 author = {Bourgain, J.},
 booktitle = {Seminar on {F}unctional {A}nalysis, 1979--1980 ({F}rench)},
 mrclass = {46E30},
 mrnumber = {604387},
 mrreviewer = {G.\ Schechtman},
 pages = {Exp. No. 4A, 9},
 publisher = {\'{E}cole Polytech., Palaiseau},
 title = {Walsh subspaces of {$L\sp{p}$}-product spaces},
 year = {1980}
}
