@article{bourgain:99:global*1,
  author        = {Bourgain, J.},
  doi           = {10.1090/S0894-0347-99-00283-0},
  fjournal      = {Journal of the American Mathematical Society},
  issn          = {0894-0347,1088-6834},
  journal       = {J. Amer. Math. Soc.},
  mrclass       = {35Q55},
  mrnumber      = {1626257},
  mrreviewer    = {Tohru\ Ozawa},
  number        = {1},
  pages         = {145--171},
  title         = {Global wellposedness of defocusing critical nonlinear {S}chr\"{o}dinger equation in the radial case},
  url           = {https://doi.org/10.1090/S0894-0347-99-00283-0},
  volume        = {12},
  year          = {1999}
}
