@article{bourgain.cochrane.ea:09:decimations,
  author        = {Bourgain, Jean and Cochrane, Todd and Paulhus, Jennifer and Pinner, Christopher},
  doi           = {10.1137/080737678},
  fjournal      = {SIAM Journal on Discrete Mathematics},
  issn          = {0895-4801,1095-7146},
  journal       = {SIAM J. Discrete Math.},
  mrclass       = {11A07 (11A15 11B50 11L07 94A55)},
  mrnumber      = {2496921},
  mrreviewer    = {Igor\ E.\ Shparlinski},
  number        = {2},
  pages         = {842--857},
  title         = {Decimations of {$l$}-sequences and permutations of even residues mod {\$p\$}},
  url           = {https://doi.org/10.1137/080737678},
  volume        = {23},
  year          = {2009}
}
