@article{bourgain:78:note,
 author = {Bourgain, J.},
 doi = {10.1016/0315-0860(80)90077-4},
 fjournal = {Bulletin de la Soci\'{e}t\'{e} Math\'{e}matique Belgique},
 issn = {0373-2053},
 journal = {Bull. Soc. Math. Belg.},
 mrclass = {46A55},
 mrnumber = {549654},
 mrreviewer = {Benno\ Fuchssteiner},
 number = {1},
 pages = {89--91},
 title = {A note on extreme points in duals},
 url = {https://doi.org/10.1016/0315-0860(80)90077-4},
 volume = {30},
 year = {1978}
}
