@article{bourgain:12:integral,
 author = {Bourgain, J.},
 doi = {10.1007/s11854-012-0034-2},
 fjournal = {Journal d'Analyse Math\'{e}matique},
 issn = {0021-7670,1565-8538},
 journal = {J. Anal. Math.},
 mrclass = {52C26},
 mrnumber = {2993027},
 mrreviewer = {Egon\ Schulte},
 number = {1},
 pages = {221--249},
 title = {Integral {A}pollonian circle packings and prime
curvatures},
 url = {https://doi.org/10.1007/s11854-012-0034-2},
 volume = {118},
 year = {2012}
}
