@article{bourgain:82:translation,
 author = {Bourgain, J.},
 doi = {10.4064/sm-75-1-95-101},
 fjournal = {Polska Akademia Nauk. Instytut Matematyczny. Studia Mathematica},
 issn = {0039-3223,1730-6337},
 journal = {Studia Math.},
 mrclass = {43A15},
 mrnumber = {676808},
 mrreviewer = {Mario\ Milman},
 number = {1},
 pages = {95--101},
 title = {Translation invariant complemented subspaces of {$L\sp{p}$}},
 url = {https://doi.org/10.4064/sm-75-1-95-101},
 volume = {75},
 year = {1982}
}
