@article{bourgain:82:remark,
  author        = {Bourgain, J.},
  doi           = {10.4064/sm-72-3-285-289},
  fjournal      = {Polska Akademia Nauk. Instytut Matematyczny. Studia Mathematica},
  issn          = {0039-3223,1730-6337},
  journal       = {Studia Math.},
  mrclass       = {46B20},
  mrnumber      = {671402},
  mrreviewer    = {Zvi\ Altshuler},
  number        = {3},
  pages         = {285--289},
  title         = {A remark on finite-dimensional {$P\sb{\lambda }$}-spaces},
  url           = {https://doi.org/10.4064/sm-72-3-285-289},
  volume        = {72},
  year          = {1982}
}
