@article{bourgain:80:sur,
 author = {Bourgain, Jean},
 fjournal = {Comptes Rendus Hebdomadaires des S\'{e}ances de
l'Acad\'{e}mie des Sciences. S\'{e}ries A et B},
 issn = {0151-0509},
 journal = {C. R. Acad. Sci. Paris S\'{e}r. A-B},
 mrclass = {46E15 (46J15)},
 mrnumber = {604994},
 mrreviewer = {B.\ Korenblum},
 number = {2},
 pages = {A111--A112},
 title = {Sur les isomorphismes entre espaces {$H\sp{1}$}},
 volume = {291},
 year = {1980}
}
