@article{bourgain:84:dunford-pettis,
  author        = {Bourgain, J.},
  doi           = {10.4064/sm-77-3-246-253},
  fjournal      = {Polska Akademia Nauk. Instytut Matematyczny. Studia Mathematica},
  issn          = {0039-3223,1730-6337},
  journal       = {Studia Math.},
  mrclass       = {46B99 (46E15 46J15)},
  mrnumber      = {745280},
  mrreviewer    = {H.\ H.\ McFaden},
  number        = {3},
  pages         = {245--253},
  title         = {The {D}unford-{P}ettis property for the ball-algebras, the polydisc-algebras and the {S}obolev spaces},
  url           = {https://doi.org/10.4064/sm-77-3-246-253},
  volume        = {77},
  year          = {1984}
}
