@article{bourgain.pisier:83:construction,
 author = {Bourgain, Jean and Pisier, Gilles},
 doi = {10.1007/BF02584862},
 fjournal = {Boletim da Sociedade Brasileira de Matem\'{a}tica},
 issn = {0100-3569},
 journal = {Bol. Soc. Brasil. Mat.},
 mrclass = {46B20 (46B22)},
 mrnumber = {756904},
 mrreviewer = {S.\ V.\ Kislyakov},
 number = {2},
 pages = {109--123},
 title = {A construction of {$\mathscr{L}_{infty}$}-spaces and related {B}anach spaces},
 url = {https://doi.org/10.1007/BF02584862},
 volume = {14},
 year = {1983}
}
