@incollection{bourgain:84:vector,
 author = {Bourgain, J.},
 booktitle = {Israel seminar on geometrical aspects of functional
analysis (1983/84)},
 mrclass = {42B20 (46E40 47B10)},
 mrnumber = {827294},
 mrreviewer = {Mario\ Milman},
 pages = {XVI, 23},
 publisher = {Tel Aviv Univ., Tel Aviv},
 title = {Vector valued singular integrals and the {$H^1$}-{${\rm
BMO}$} duality},
 year = {1984}
}
