@incollection{bourgain:97:hamiltonian,
 author = {Bourgain, Jean},
 booktitle = {Fields {M}edallists' lectures},
 doi = {10.1142/9789812385215\_0059},
 isbn = {981-02-3117-2},
 mrclass = {35Q55 (35K99)},
 mrnumber = {1622924},
 mrreviewer = {Peter\ E.\ Zhidkov},
 pages = {542--554},
 publisher = {World Sci. Publ., River Edge, NJ},
 series = {World Sci. Ser. 20th Century Math.},
 title = {Hamiltonian methods in nonlinear evolution equations},
 url = {https://doi.org/10.1142/9789812385215_0059},
 volume = {5},
 year = {1997}
}
