@incollection{bourgain:85:some*1,
 author = {Bourgain, J.},
 fjournal = {Ast\'{e}risque},
 issn = {0303-1179,2492-5926},
 journal = {Ast\'{e}risque},
 mrclass = {46J15 (32E25)},
 mrnumber = {816752},
 mrreviewer = {S.\ V.\ Kislyakov},
 note = {Colloquium in honor of Laurent Schwartz, Vol. 1
(Palaiseau,~1983)},
 number = {131},
 pages = {279--298},
 title = {Some results on the bidisc algebra},
 year = {1985}
}
