@inproceedings{bourgain:84:on*1,
 author = {Bourgain, J.},
 booktitle = {Proceedings of the second international conference on
operator algebras, ideals, and their applications in
theoretical physics ({L}eipzig, 1983)},
 mrclass = {46J15 (32E25)},
 mrnumber = {763536},
 pages = {145--154},
 publisher = {Teubner, Leipzig},
 series = {Teubner-Texte Math.},
 title = {On nonisomorphisms of algebras of analytic functions},
 volume = {67},
 year = {1984}
}
