@article{bourgain:02:on*3,
  author        = {Bourgain, Jean},
  doi           = {10.3934/dcds.2002.8.1},
  fjournal      = {Discrete and Continuous Dynamical Systems. Series A},
  issn          = {1078-0947,1553-5231},
  journal       = {Discrete Contin. Dyn. Syst.},
  mrclass       = {47B80 (35J10 35R60 47A10 47B39 47N55 82B44)},
  mrnumber      = {1877824},
  mrreviewer    = {Vadim\ V.\ Kostrykin},
  number        = {1},
  pages         = {1--15},
  title         = {On random {S}chr\"{o}dinger operators on {$\Bbb Z^2$}},
  url           = {https://doi.org/10.3934/dcds.2002.8.1},
  volume        = {8},
  year          = {2002}
}
