@article{bourgain.clozel.ea:10:principe,
  author        = {Bourgain, Jean and Clozel, Laurent and Kahane, Jean-Pierre},
  fjournal      = {Universit\'{e} de Grenoble. Annales de l'Institut Fourier},
  issn          = {0373-0956,1777-5310},
  journal       = {Ann. Inst. Fourier (Grenoble)},
  mrclass       = {42A38 (11R42 42B10)},
  mrnumber      = {2722239},
  mrreviewer    = {Juan\ Luis\ Varona},
  number        = {4},
  pages         = {1215--1232},
  title         = {Principe d'{H}eisenberg et fonctions positives},
  url           = {http://aif.cedram.org/item?id=AIF_2010__60_4_1215_0},
  volume        = {60},
  year          = {2010}
}
