@article{bourgain.delbaen:78:quotient,
 author = {Bourgain, J. and Delbaen, F.},
 fjournal = {Bulletin de la Soci\'{e}t\'{e} Math\'{e}matique Belgique},
 issn = {0373-2053},
 journal = {Bull. Soc. Math. Belg.},
 mrclass = {46E15 (46B25)},
 mrnumber = {582661},
 mrreviewer = {K.\ Sundaresan},
 number = {2},
 pages = {111--119},
 title = {Quotient maps onto {$c(K)$}},
 volume = {30},
 year = {1978}
}
