@article{bourgain.kontorovich:18:beyond,
  author        = {Bourgain, Jean and Kontorovich, Alex},
  doi           = {10.19086/da.3471},
  fjournal      = {Discrete Analysis},
  issn          = {2397-3129},
  journal       = {Discrete Anal.},
  mrclass       = {11J70 (20M10 37D40)},
  mrnumber      = {3786905},
  mrreviewer    = {B.\ Sury},
  pages         = {Paper No. 6, 27},
  title         = {Beyond expansion {IV}: {T}races of thin semigroups},
  url           = {https://doi.org/10.19086/da.3471},
  year          = {2018}
}
