@article{bourgain.grunbaum.ea:14:quantum,
 author = {Bourgain, J. and Gr\"{u}nbaum, F. A. and Vel\'{a}zquez, L. and Wilkening, J.},
 doi = {10.1007/s00220-014-1929-9},
 fjournal = {Communications in Mathematical Physics},
 issn = {0010-3616,1432-0916},
 journal = {Comm. Math. Phys.},
 mrclass = {81Q10 (81P15)},
 mrnumber = {3212879},
 mrreviewer = {Francisco\ Marcell\'{a}n},
 number = {3},
 pages = {1031--1067},
 title = {Quantum recurrence of a subspace and operator-valued {S}chur functions},
 url = {https://doi.org/10.1007/s00220-014-1929-9},
 volume = {329},
 year = {2014}
}
