@incollection{bourgain.lindenstrauss:91:on,
 author = {Bourgain, J. and Lindenstrauss, J.},
 booktitle = {Geometric aspects of functional analysis (1989--90)},
 doi = {10.1007/BFb0089220},
 isbn = {3-540-54024-5},
 mrclass = {52C17},
 mrnumber = {1122618},
 mrreviewer = {Keith\ Ball},
 pages = {138--144},
 publisher = {Springer, Berlin},
 series = {Lecture Notes in Math.},
 title = {On covering a set in {${\bf R}^N$} by balls of the same
diameter},
 url = {https://doi.org/10.1007/BFb0089220},
 volume = {1469},
 year = {1991}
}
