@article{bourgain.brezis.ea:05:new,
 author = {Bourgain, Jean and Brezis, Ha\"{i}m and Nguyen, Hoai-Minh},
 doi = {10.1016/j.crma.2005.04.007},
 fjournal = {Comptes Rendus Math\'{e}matique. Acad\'{e}mie des
Sciences. Paris},
 issn = {1631-073X,1778-3569},
 journal = {C. R. Math. Acad. Sci. Paris},
 mrclass = {55M25 (46E35 47H11)},
 mrnumber = {2139888},
 mrreviewer = {Christian\ Fenske},
 number = {11},
 pages = {787--791},
 title = {A new estimate for the topological degree},
 url = {https://doi.org/10.1016/j.crma.2005.04.007},
 volume = {340},
 year = {2005}
}
