@article{bourgain:17:decoupling,
  author        = {Bourgain, J.},
  doi           = {10.1090/jams/860},
  fjournal      = {Journal of the American Mathematical Society},
  issn          = {0894-0347,1088-6834},
  journal       = {J. Amer. Math. Soc.},
  mrclass       = {11M06 (11L07)},
  mrnumber      = {3556291},
  mrreviewer    = {Kostadinka\ Lapkova},
  number        = {1},
  pages         = {205--224},
  title         = {Decoupling, exponential sums and the {R}iemann zeta function},
  url           = {https://doi.org/10.1090/jams/860},
  volume        = {30},
  year          = {2017}
}
