@article{bourgain:79:szlenk,
  author        = {Bourgain, J.},
  fjournal      = {Bulletin de la Soci\'{e}t\'{e} Math\'{e}matique de Belgique. S\'{e}rie B},
  issn          = {0037-9476},
  journal       = {Bull. Soc. Math. Belg. S\'{e}r. B},
  mrclass       = {46B20 (46E99 47B38)},
  mrnumber      = {592664},
  number        = {1},
  pages         = {87--117},
  title         = {The {S}zlenk index and operators on {$C(K)$}-spaces},
  volume        = {31},
  year          = {1979}
}
