@incollection{bourgain:91:on*2,
 author = {Bourgain, J.},
 booktitle = {Geometric aspects of functional analysis (1989--90)},
 doi = {10.1007/BFb0089219},
 isbn = {3-540-54024-5},
 mrclass = {52A21 (46B07 46E30 52A20)},
 mrnumber = {1122617},
 mrreviewer = {Wolfgang\ Lusky},
 pages = {127--137},
 publisher = {Springer, Berlin},
 series = {Lecture Notes in Math.},
 title = {On the distribution of polynomials on high-dimensional
convex sets},
 url = {https://doi.org/10.1007/BFb0089219},
 volume = {1469},
 year = {1991}
}
