@article{bourgain:80:on*1,
  author        = {Bourgain, J.},
  fjournal      = {Bulletin de la Soci\'{e}t\'{e} Math\'{e}matique de Belgique. S\'{e}rie B},
  issn          = {0037-9476},
  journal       = {Bull. Soc. Math. Belg. S\'{e}r. B},
  mrclass       = {46E15 (46B20 54C30)},
  mrnumber      = {682645},
  mrreviewer    = {D.\ H.\ Fremlin},
  number        = {2},
  pages         = {235--249},
  title         = {On convergent sequences of continuous functions},
  volume        = {32},
  year          = {1980}
}
