@article{bourgain.bulut:12:gibbs,
 author = {Bourgain, Jean and Bulut, Aynur},
 doi = {10.1016/j.crma.2012.05.006},
 fjournal = {Comptes Rendus Math\'{e}matique. Acad\'{e}mie des
Sciences. Paris},
 issn = {1631-073X,1778-3569},
 journal = {C. R. Math. Acad. Sci. Paris},
 mrclass = {35Q55 (35L71 37K10)},
 mrnumber = {2956145},
 mrreviewer = {Makoto\ Nakamura},
 number = {11-12},
 pages = {571--575},
 title = {Gibbs measure evolution in radial nonlinear wave and
{S}chr\"{o}dinger equations on the ball},
 url = {https://doi.org/10.1016/j.crma.2012.05.006},
 volume = {350},
 year = {2012}
}
