@article{bourgain.casazza.ea:85:banach,
  author        = {Bourgain, J. and Casazza, P. G. and Lindenstrauss, J. and Tzafriri, L.},
  doi           = {10.1090/memo/0322},
  fjournal      = {Memoirs of the American Mathematical Society},
  issn          = {0065-9266,1947-6221},
  journal       = {Mem. Amer. Math. Soc.},
  mrclass       = {46B15},
  mrnumber      = {782647},
  mrreviewer    = {M.\ I.\ Kadets},
  number        = {322},
  pages         = {iv+111},
  title         = {Banach spaces with a unique unconditional basis, up to permutation},
  url           = {https://doi.org/10.1090/memo/0322},
  volume        = {54},
  year          = {1985}
}
