@article{bourgain:96:invariant,
 author = {Bourgain, Jean},
 fjournal = {Communications in Mathematical Physics},
 issn = {0010-3616},
 journal = {Comm. Math. Phys.},
 mrclass = {35Q55 (82B10)},
 mrnumber = {1374420},
 mrreviewer = {Tohru Ozawa},
 number = {2},
 pages = {421--445},
 title = {Invariant measures for the {$2$}{D}-defocusing nonlinear {S}chr\"{o}dinger equation},
 url = {http://projecteuclid.org/euclid.cmp/1104286005},
 volume = {176},
 year = {1996}
}
