@incollection{bourgain:97:analysis,
 author = {Bourgain, Jean},
 booktitle = {Harmonic analysis and nonlinear differential equations ({R}iverside, {CA}, 1995)},
 doi = {10.1090/conm/208/02736},
 isbn = {0-8218-0565-7},
 mrclass = {42B05 (11P21 35P20 35Q55)},
 mrnumber = {1467003},
 mrreviewer = {C.\ Eugene\ Wayne},
 pages = {85--109},
 publisher = {Amer. Math. Soc., Providence, RI},
 series = {Contemp. Math.},
 title = {Analysis results and problems related to lattice points on surfaces},
 url = {https://doi.org/10.1090/conm/208/02736},
 volume = {208},
 year = {1997}
}
