@incollection{bourgain:14:on*1,
  author        = {Bourgain, Jean},
  booktitle     = {Geometric aspects of functional analysis},
  doi           = {10.1007/978-3-319-09477-9\_6},
  isbn          = {978-3-319-09476-2; 978-3-319-09477-9},
  mrclass       = {35P15 (35J10 35P05 47B39 81Q12 82B20 82B44)},
  mrnumber      = {3364680},
  mrreviewer    = {Michael\ A.\ Perelmuter},
  pages         = {71--83},
  publisher     = {Springer, Cham},
  series        = {Lecture Notes in Math.},
  title         = {On eigenvalue spacings for the 1-{D} {A}nderson model with singular site distribution},
  url           = {https://doi.org/10.1007/978-3-319-09477-9_6},
  volume        = {2116},
  year          = {2014}
}
