@article{bourgain.demeter:16:decouplings,
  author        = {Bourgain, Jean and Demeter, Ciprian},
  doi           = {10.1016/j.jfa.2015.11.008},
  fjournal      = {Journal of Functional Analysis},
  issn          = {0022-1236,1096-0783},
  journal       = {J. Funct. Anal.},
  mrclass       = {42B37 (11L03 53A05)},
  mrnumber      = {3447712},
  mrreviewer    = {Juan\ Luis\ Varona},
  number        = {4},
  pages         = {1299--1318},
  title         = {Decouplings for surfaces in {$\Bbb{R}^4$}},
  url           = {https://doi.org/10.1016/j.jfa.2015.11.008},
  volume        = {270},
  year          = {2016}
}
