@incollection{bourgain:96:gibbs,
  author        = {Bourgain, Jean},
  booktitle     = {The {G}elfand {M}athematical {S}eminars, 1993--1995},
  isbn          = {0-8176-3816-4},
  mrclass       = {58F39 (35B10 35Q99 58F27)},
  mrnumber      = {1398915},
  mrreviewer    = {C.\ Eugene\ Wayne},
  pages         = {23--43},
  publisher     = {Birkh\"{a}user Boston, Boston, MA},
  series        = {Gelfand Math. Sem.},
  title         = {Gibbs measures and quasi-periodic solutions for nonlinear {H}amiltonian partial differential equations},
  year          = {1996}
}
