@article{bourgain:96:spherical,
  author        = {Bourgain, Jean},
  doi           = {10.1155/S1073792896000098},
  fjournal      = {International Mathematics Research Notices},
  issn          = {1073-7928,1687-0247},
  journal       = {Internat. Math. Res. Notices},
  mrclass       = {42B08 (42B05)},
  mrnumber      = {1383751},
  mrreviewer    = {J.\ Marshall\ Ash},
  number        = {3},
  pages         = {93--107},
  title         = {Spherical summation and uniqueness of multiple trigonometric series},
  url           = {https://doi.org/10.1155/S1073792896000098},
  year          = {1996}
}
