@article{bourgain:88:on,
 author = {Bourgain, J.},
 doi = {10.1007/BF02776302},
 fjournal = {Israel Journal of Mathematics},
 issn = {0021-2172},
 journal = {Israel J. Math.},
 mrclass = {28D05},
 mrnumber = {937582},
 mrreviewer = {Alberto\ de la Torre},
 number = {1},
 pages = {73--84},
 title = {On the pointwise ergodic theorem on {$L^p$} for arithmetic sets},
 url = {https://doi.org/10.1007/BF02776302},
 volume = {61},
 year = {1988}
}
