@article{bourgain:96:construction,
 author = {Bourgain, J.},
 doi = {10.1007/BF02247885},
 fjournal = {Geometric and Functional Analysis},
 issn = {1016-443X,1420-8970},
 journal = {Geom. Funct. Anal.},
 mrclass = {35B15 (35A35 35L70 35Q55)},
 mrnumber = {1384610},
 mrreviewer = {R.\ G.\ Airapetyan},
 number = {2},
 pages = {201--230},
 title = {Construction of approximative and almost periodic
solutions of perturbed linear {S}chr\"{o}dinger and wave
equations},
 url = {https://doi.org/10.1007/BF02247885},
 volume = {6},
 year = {1996}
}
