@incollection{bourgain:81:unicite,
  author        = {Bourgain, J.},
  booktitle     = {Seminar on {F}unctional {A}nalysis, 1980--1981},
  isbn          = {2-7302-0025-8},
  mrclass       = {46B15},
  mrnumber      = {659305},
  mrreviewer    = {T.\ Figiel},
  pages         = {Exp. No. IV, 9},
  publisher     = {\'{E}cole Polytech., Palaiseau},
  title         = {Unicit\'{e} de certaines bases inconditionnelles},
  year          = {1981}
}
