@article{bourgain:81:noncompleteness,
  author        = {Bourgain, Jean},
  fjournal      = {Colloquium Mathematicum},
  issn          = {0010-1354,1730-6302},
  journal       = {Colloq. Math.},
  mrclass       = {46A45 (46B99)},
  mrnumber      = {633114},
  mrreviewer    = {M.\ S.\ Ramanujan},
  number        = {1},
  pages         = {175--178},
  title         = {Noncompleteness of some convergence on {$l\sp{1}$}},
  volume        = {44},
  year          = {1981}
}
