@article{bourgain.rudnick:12:restriction,
 author = {Bourgain, Jean and Rudnick, Ze\'{e}v},
 doi = {10.1007/s00039-012-0186-3},
 fjournal = {Geometric and Functional Analysis},
 issn = {1016-443X,1420-8970},
 journal = {Geom. Funct. Anal.},
 mrclass = {58J50 (11P21 35P15 35R01)},
 mrnumber = {2984120},
 mrreviewer = {Tanya\ J.\ Christiansen},
 number = {4},
 pages = {878--937},
 title = {Restriction of toral eigenfunctions to hypersurfaces and
nodal sets},
 url = {https://doi.org/10.1007/s00039-012-0186-3},
 volume = {22},
 year = {2012}
}
