@article{bourgain:77:compact,
  author        = {Bourgain, J.},
  fjournal      = {Bulletin de la Soci\'{e}t\'{e} Math\'{e}matique Belgique},
  issn          = {0373-2053},
  journal       = {Bull. Soc. Math. Belg.},
  mrclass       = {54C50},
  mrnumber      = {470931},
  mrreviewer    = {J.\ D.\ Baum},
  number        = {2},
  pages         = {135--143},
  title         = {Compact sets of first {B}aire class},
  volume        = {29},
  year          = {1977}
}
