@incollection{bourgain:04:on,
 author = {Bourgain, Jean},
 doi = {10.3934/dcds.2004.10.75},
 fjournal = {Discrete and Continuous Dynamical Systems. Series A},
 issn = {1078-0947,1553-5231},
 journal = {Discrete Contin. Dyn. Syst.},
 mrclass = {47B80 (35P20 35Q40 37J40 37K55 81Q10)},
 mrnumber = {2026184},
 note = {Partial differential equations and applications},
 number = {1-2},
 pages = {75--88},
 title = {On quasi-periodic lattice {S}chr\"{o}dinger operators},
 url = {https://doi.org/10.3934/dcds.2004.10.75},
 volume = {10},
 year = {2004}
}
