@article{bourgain.gamburd:12:spectral,
  author        = {Bourgain, J. and Gamburd, A.},
  doi           = {10.4171/JEMS/337},
  fjournal      = {Journal of the European Mathematical Society (JEMS)},
  issn          = {1435-9855,1435-9863},
  journal       = {J. Eur. Math. Soc. (JEMS)},
  mrclass       = {22E30 (11B30)},
  mrnumber      = {2966656},
  mrreviewer    = {B.\ Sury},
  number        = {5},
  pages         = {1455--1511},
  title         = {A spectral gap theorem in {${\rm SU}(d)$}},
  url           = {https://doi.org/10.4171/JEMS/337},
  volume        = {14},
  year          = {2012}
}
