@inproceedings{bourgain.dirksen.ea:15:toward,
  author        = {Bourgain, Jean and Dirksen, Sjoerd and Nelson, Jelani},
  booktitle     = {S{TOC}'15---{P}roceedings of the 2015 {ACM} {S}ymposium on {T}heory of {C}omputing},
  isbn          = {978-1-4503-3536-2},
  mrclass       = {62H30 (47B49 60E15 60F05 94A12)},
  mrnumber      = {3388229},
  mrreviewer    = {Santiago\ Velilla},
  pages         = {499--508},
  publisher     = {ACM, New York},
  title         = {Toward a unified theory of sparse dimensionality reduction in {E}uclidean space},
  year          = {2015}
}
