@article{bourgain:00:on*1,
  author        = {Bourgain, Jean},
  doi           = {10.1155/S107379280000009X},
  fjournal      = {International Mathematics Research Notices},
  issn          = {1073-7928,1687-0247},
  journal       = {Internat. Math. Res. Notices},
  mrclass       = {11M26},
  mrnumber      = {1741611},
  mrreviewer    = {D.\ R.\ Heath-Brown},
  number        = {3},
  pages         = {133--146},
  title         = {On large values estimates for {D}irichlet polynomials and the density hypothesis for the {R}iemann zeta function},
  url           = {https://doi.org/10.1155/S107379280000009X},
  year          = {2000}
}
