@article{bourgain:81:stabilization,
  author        = {Bourgain, J.},
  doi           = {10.4064/fm-112-1-25-44},
  fjournal      = {Polska Akademia Nauk. Fundamenta Mathematicae},
  issn          = {0016-2736,1730-6329},
  journal       = {Fund. Math.},
  mrclass       = {28A05 (04A15 54H05)},
  mrnumber      = {616734},
  mrreviewer    = {J.\ P. R. Christensen},
  number        = {1},
  pages         = {25--44},
  title         = {A stabilization property and its applications in the theory of sections},
  url           = {https://doi.org/10.4064/fm-112-1-25-44},
  volume        = {112},
  year          = {1981}
}
