@article{bourgain:93:convergence,
 author = {Bourgain, J.},
 fjournal = {Illinois Journal of Mathematics},
 issn = {0019-2082,1945-6581},
 journal = {Illinois J. Math.},
 mrclass = {28D15 (42A45 42A61 60F05 60J15)},
 mrnumber = {1226786},
 mrreviewer = {Joseph\ Max\ Rosenblatt},
 number = {4},
 pages = {624--636},
 title = {Convergence of ergodic averages on lattice random walks},
 url = {http://projecteuclid.org/euclid.ijm/1255986988},
 volume = {37},
 year = {1993}
}
