@incollection{bourgain.lindenstrauss:88:projection,
 author = {Bourgain, J. and Lindenstrauss, J.},
 booktitle = {Geometric aspects of functional analysis (1986/87)},
 doi = {10.1007/BFb0081746},
 isbn = {3-540-19353-7},
 mrclass = {46B20 (52A20)},
 mrnumber = {950986},
 mrreviewer = {G.\ Schechtman},
 pages = {250--270},
 publisher = {Springer, Berlin},
 series = {Lecture Notes in Math.},
 title = {Projection bodies},
 url = {https://doi.org/10.1007/BFb0081746},
 volume = {1317},
 year = {1988}
}
