@incollection{bourgain:17:on*1,
 author = {Bourgain, Jean},
 booktitle = {Geometric aspects of functional analysis},
 isbn = {978-3-319-45281-4; 978-3-319-45282-1},
 mrclass = {60B20},
 mrnumber = {3645115},
 mrreviewer = {Tatyana\ Shcherbina},
 pages = {65--69},
 publisher = {Springer, Cham},
 series = {Lecture Notes in Math.},
 title = {On a problem of {F}arrell and {V}ershynin in random matrix
theory},
 volume = {2169},
 year = {2017}
}
