@article{bourgain:86:on*3,
  author        = {Bourgain, J.},
  doi           = {10.1007/BF02764955},
  fjournal      = {Israel Journal of Mathematics},
  issn          = {0021-2172},
  journal       = {Israel J. Math.},
  mrclass       = {42B25},
  mrnumber      = {853451},
  mrreviewer    = {Roger\ L.\ Jones},
  number        = {3},
  pages         = {257--265},
  title         = {On the {$L^p$}-bounds for maximal functions associated to convex bodies in {\${\bf R}^n\$}},
  url           = {https://doi.org/10.1007/BF02764955},
  volume        = {54},
  year          = {1986}
}
