@incollection{bourgain.voiculescu:16:essential,
  author        = {Bourgain, Jean and Voiculescu, Dan-Virgil},
  booktitle     = {Noncommutative analysis, operator theory and applications},
  doi           = {10.1007/978-3-319-29116-1\_4},
  isbn          = {978-3-319-29114-7; 978-3-319-29116-1},
  mrclass       = {47A55 (47B47 47L20 47L30)},
  mrnumber      = {3526952},
  mrreviewer    = {Lawrence\ R.\ Williams},
  pages         = {77--80},
  publisher     = {Birkh\"{a}user/Springer, [Cham]},
  series        = {Oper. Theory Adv. Appl.},
  title         = {The essential centre of the mod a diagonalization ideal commutant of an {$n$}-tuple of commuting {H}ermitian operators},
  url           = {https://doi.org/10.1007/978-3-319-29116-1_4},
  volume        = {252},
  year          = {2016}
}
