@article{bourgain.rudnick:09:restriction,
  author        = {Bourgain, Jean and Rudnick, Ze\'{e}v},
  doi           = {10.1016/j.crma.2009.08.008},
  fjournal      = {Comptes Rendus Math\'{e}matique. Acad\'{e}mie des Sciences. Paris},
  issn          = {1631-073X,1778-3569},
  journal       = {C. R. Math. Acad. Sci. Paris},
  mrclass       = {35R01 (35P15)},
  mrnumber      = {2561032},
  number        = {21-22},
  pages         = {1249--1253},
  title         = {Restriction of toral eigenfunctions to hypersurfaces},
  url           = {https://doi.org/10.1016/j.crma.2009.08.008},
  volume        = {347},
  year          = {2009}
}
