@article{bourgain:82:quelques,
  author        = {Bourgain, Jean},
  fjournal      = {Comptes Rendus des S\'{e}ances de l'Acad\'{e}mie des Sciences. S\'{e}rie I. Math\'{e}matique},
  issn          = {0249-6291},
  journal       = {C. R. Acad. Sci. Paris S\'{e}r. I Math.},
  mrclass       = {46E99 (42A99)},
  mrnumber      = {686355},
  number        = {11},
  pages         = {623--625},
  title         = {Quelques propri\'{e}t\'{e}s lin\'{e}aires de l'espace des s\'{e}ries de {F}ourier uniform\'{e}ment convergentes},
  volume        = {295},
  year          = {1982}
}
