@article{bourgain.vu.ea:10:on,
 author = {Bourgain, Jean and Vu, Van H. and Wood, Philip Matchett},
 doi = {10.1016/j.jfa.2009.04.016},
 fjournal = {Journal of Functional Analysis},
 issn = {0022-1236,1096-0783},
 journal = {J. Funct. Anal.},
 mrclass = {60B20},
 mrnumber = {2557947},
 mrreviewer = {Guangyu\ Yang},
 number = {2},
 pages = {559--603},
 title = {On the singularity probability of discrete random matrices},
 url = {https://doi.org/10.1016/j.jfa.2009.04.016},
 volume = {258},
 year = {2010}
}
