@article{bourgain:84:dimension,
 author = {Bourgain, J.},
 doi = {10.1007/BF02760630},
 fjournal = {Israel Journal of Mathematics},
 issn = {0021-2172},
 journal = {Israel J. Math.},
 mrclass = {46J15 (30H05 32A35)},
 mrnumber = {776311},
 mrreviewer = {P.\ Wojtaszczyk},
 number = {4},
 pages = {289--304},
 title = {The dimension conjecture for polydisc algebras},
 url = {https://doi.org/10.1007/BF02760630},
 volume = {48},
 year = {1984}
}
