@article{bourgain:78:on,
 author = {Bourgain, J.},
 fjournal = {Bulletin de la Soci\'{e}t\'{e} Math\'{e}matique Belgique},
 issn = {0373-2053},
 journal = {Bull. Soc. Math. Belg.},
 mrclass = {46A55},
 mrnumber = {582662},
 mrreviewer = {Thomas\ E.\ Armstrong},
 number = {2},
 pages = {121--133},
 title = {On the representation of two-dimensional unconditional and symmetric norms},
 volume = {30},
 year = {1978}
}
