@article{bourgain.li:15:strong,
  author        = {Bourgain, Jean and Li, Dong},
  doi           = {10.1007/s00039-015-0311-1},
  fjournal      = {Geometric and Functional Analysis},
  issn          = {1016-443X,1420-8970},
  journal       = {Geom. Funct. Anal.},
  mrclass       = {35Q31 (35B30 35R25)},
  mrnumber      = {3320889},
  mrreviewer    = {Franck\ Sueur},
  number        = {1},
  pages         = {1--86},
  title         = {Strong illposedness of the incompressible {E}uler equation in integer {$C^m$} spaces},
  url           = {https://doi.org/10.1007/s00039-015-0311-1},
  volume        = {25},
  year          = {2015}
}
