@article{bourgain.li:19:galilean,
 author = {Bourgain, Jean and Li, Dong},
 doi = {10.1007/s00220-019-03373-z},
 fjournal = {Communications in Mathematical Physics},
 issn = {0010-3616,1432-0916},
 journal = {Comm. Math. Phys.},
 mrclass = {35Q31},
 mrnumber = {4031801},
 mrreviewer = {Xinyu\ He},
 number = {1},
 pages = {261--280},
 title = {Galilean boost and non-uniform continuity for incompressible {E}uler},
 url = {https://doi.org/10.1007/s00220-019-03373-z},
 volume = {372},
 year = {2019}
}
