@article{bourgain:84:on*2,
 author = {Bourgain, J.},
 doi = {10.1002/mana.19841190104},
 fjournal = {Mathematische Nachrichten},
 issn = {0025-584X,1522-2616},
 journal = {Math. Nachr.},
 mrclass = {47B37 (44A15 46B20 60G46)},
 mrnumber = {774175},
 mrreviewer = {D.\ L.\ Burkholder},
 pages = {41--53},
 title = {On martingales transforms in finite-dimensional lattices with an appendix on the {$K$}-convexity constant},
 url = {https://doi.org/10.1002/mana.19841190104},
 volume = {119},
 year = {1984}
}
