@incollection{bourgain:85:convex,
 author = {Bourgain, J.},
 booktitle = {Texas functional analysis seminar 1984--1985 ({A}ustin,
{T}ex.)},
 mrclass = {42B25},
 mrnumber = {832257},
 pages = {131--139},
 publisher = {Univ. Texas Press, Austin, TX},
 series = {Longhorn Notes},
 title = {Convex sets and maximal operators},
 year = {1985}
}
