@article{bourgain:02:estimates,
 author = {Bourgain, J.},
 doi = {10.2307/3597190},
 fjournal = {Annals of Mathematics. Second Series},
 issn = {0003-486X,1939-8980},
 journal = {Ann. of Math. (2)},
 mrclass = {82C10 (35A08 35Q40 81Q10)},
 mrnumber = {1935847},
 mrreviewer = {David\ Damanik},
 number = {1},
 pages = {249--294},
 title = {Estimates on {G}reen's functions, localization and the
quantum kicked rotor model},
 url = {https://doi.org/10.2307/3597190},
 volume = {156},
 year = {2002}
}
