@incollection{bourgain:95:estimates,
 author = {Bourgain, J.},
 booktitle = {Geometric aspects of functional analysis ({I}srael, 1992--1994)},
 isbn = {3-7643-5207-8},
 mrclass = {42B15},
 mrnumber = {1353448},
 mrreviewer = {Harald\ E.\ Krogstad},
 pages = {41--60},
 publisher = {Birkh\"{a}user, Basel},
 series = {Oper. Theory Adv. Appl.},
 title = {Estimates for cone multipliers},
 volume = {77},
 year = {1995}
}
