@book{bourgain:05:greens,
 author = {Bourgain, J.},
 doi = {10.1515/9781400837144},
 isbn = {0-691-12098-6},
 mrclass = {35Q40 (35A08 35Q55 37N20 47B80 47N50 81Q10 82B44)},
 mrnumber = {2100420},
 mrreviewer = {David\ Damanik},
 pages = {x+173},
 publisher = {Princeton University Press, Princeton, NJ},
 series = {Annals of Mathematics Studies},
 title = {Green's function estimates for lattice {S}chr\"{o}dinger operators and applications},
 url = {https://doi.org/10.1515/9781400837144},
 volume = {158},
 year = {2005}
}
