@article{bourgain.tzafriri:91:on,
  author        = {Bourgain, J. and Tzafriri, L.},
  doi           = {10.1515/crll.1991.420.1},
  fjournal      = {Journal f\"{u}r die Reine und Angewandte Mathematik. [Crelle's Journal]},
  issn          = {0075-4102,1435-5345},
  journal       = {J. Reine Angew. Math.},
  mrclass       = {46L05 (46L30 47B35 47D25)},
  mrnumber      = {1124564},
  mrreviewer    = {H.\ Halpern},
  pages         = {1--43},
  title         = {On a problem of {K}adison and {S}inger},
  url           = {https://doi.org/10.1515/crll.1991.420.1},
  volume        = {420},
  year          = {1991}
}
