@article{bourgain.wolff:90:remark,
 author = {Bourgain, J. and Wolff, T.},
 doi = {10.4064/cm-60-61-1-253-260},
 fjournal = {Colloquium Mathematicum},
 issn = {0010-1354,1730-6302},
 journal = {Colloq. Math.},
 mrclass = {31B20 (35J67)},
 mrnumber = {1096375},
 mrreviewer = {V.\ M.\ Isakov},
 number = {1},
 pages = {253--260},
 title = {A remark on gradients of harmonic functions in dimension {$\geq 3$}},
 url = {https://doi.org/10.4064/cm-60-61-1-253-260},
 volume = {60/61},
 year = {1990}
}
