@article{bourgain:83:nonisomorphism,
 author = {Bourgain, J.},
 fjournal = {Bulletin de la Soci\'{e}t\'{e} Math\'{e}matique de Belgique. S\'{e}rie B},
 issn = {0037-9476},
 journal = {Bull. Soc. Math. Belg. S\'{e}r. B},
 mrclass = {46E15 (46J15)},
 mrnumber = {731801},
 number = {2},
 pages = {127--136},
 title = {The nonisomorphism of {$H\sp{1}$}-spaces in a different number of variables},
 volume = {35},
 year = {1983}
}
