@article{bourgain:83:sur*1,
  author        = {Bourgain, Jean},
  fjournal      = {Comptes Rendus des S\'{e}ances de l'Acad\'{e}mie des Sciences. S\'{e}rie I. Math\'{e}matique},
  issn          = {0249-6291},
  journal       = {C. R. Acad. Sci. Paris S\'{e}r. I Math.},
  mrclass       = {43A46},
  mrnumber      = {693188},
  number        = {3},
  pages         = {149--151},
  title         = {Sur les ensembles d'interpolation pour les mesures discr\`etes},
  volume        = {296},
  year          = {1983}
}
