@article{bourgain:88:nonlinear,
  author        = {Bourgain, J.},
  doi           = {10.1007/BF02796120},
  fjournal      = {Journal d'Analyse Math\'{e}matique},
  issn          = {0021-7670,1565-8538},
  journal       = {J. Analyse Math.},
  mrclass       = {11B05 (28A99 42A38)},
  mrnumber      = {942826},
  mrreviewer    = {B.\ Volkmann},
  pages         = {169--181},
  title         = {A nonlinear version of {R}oth's theorem for sets of positive density in the real line},
  url           = {https://doi.org/10.1007/BF02796120},
  volume        = {50},
  year          = {1988}
}
