@article{bourgain:97:on*1,
  author        = {Bourgain, J.},
  doi           = {10.4310/MRL.1997.v4.n4.a1},
  fjournal      = {Mathematical Research Letters},
  issn          = {1073-2780},
  journal       = {Math. Res. Lett.},
  mrclass       = {58F27 (34C27 58F05 70H15)},
  mrnumber      = {1470416},
  mrreviewer    = {C.\ Eugene\ Wayne},
  number        = {4},
  pages         = {445--458},
  title         = {On {M}elnikov's persistency problem},
  url           = {https://doi.org/10.4310/MRL.1997.v4.n4.a1},
  volume        = {4},
  year          = {1997}
}
