@article{bourgain:07:exponential,
 author = {Bourgain, J.},
 doi = {10.1007/s11854-007-0012-2},
 fjournal = {Journal d'Analyse Math\'{e}matique},
 issn = {0021-7670,1565-8538},
 journal = {J. Anal. Math.},
 mrclass = {11L07 (11B75)},
 mrnumber = {2346549},
 mrreviewer = {Ben\ Joseph\ Green},
 pages = {325--355},
 title = {Exponential sum estimates in finite commutative rings and applications},
 url = {https://doi.org/10.1007/s11854-007-0012-2},
 volume = {101},
 year = {2007}
}
