@incollection{bourgain:10:sum-product,
 author = {Bourgain, Jean},
 booktitle = {Additive number theory},
 doi = {10.1007/978-0-387-68361-4\_2},
 isbn = {978-0-387-37029-3},
 mrclass = {11L07 (11B30 11L05 11T23)},
 mrnumber = {2744741},
 mrreviewer = {Sergeu{i}\ V.\ Konyagin},
 pages = {9--38},
 publisher = {Springer, New York},
 title = {Sum-product theorems and applications},
 url = {https://doi.org/10.1007/978-0-387-68361-4_2},
 year = {2010}
}
