@article{bourgain.rudnick.ea:17:spatial,
 author = {Bourgain, J. and Rudnick, Z. and Sarnak, P.},
 fjournal = {Bulletin of the Iranian Mathematical Society},
 issn = {1017-060X,1735-8515},
 journal = {Bull. Iranian Math. Soc.},
 mrclass = {11K36 (11E12 11E25)},
 mrnumber = {3711836},
 mrreviewer = {Su\ Hu},
 number = {4},
 pages = {361--386},
 title = {Spatial statistics for lattice points on the sphere {I}:
{I}ndividual results},
 volume = {43},
 year = {2017}
}
