@article{bourgain.konyagin.ea:09:corrigenda,
 author = {Bourgain, Jean and Konyagin, Sergei V. and Shparlinski,
Igor E.},
 doi = {10.1093/imrn/rnp041},
 fjournal = {International Mathematics Research Notices. IMRN},
 issn = {1073-7928,1687-0247},
 journal = {Int. Math. Res. Not. IMRN},
 mrclass = {11A07 (11B57)},
 mrnumber = {2533800},
 number = {16},
 pages = {3146--3147},
 title = {Corrigenda to: {P}roduct sets of rationals, multiplicative
translates of subgroups in residue rings and fixed points
of the discrete logarithm [MR2439546]},
 url = {https://doi.org/10.1093/imrn/rnp041},
 year = {2009}
}
