@article{bourgain.rosenthal:80:martingales,
  author        = {Bourgain, J. and Rosenthal, H. P.},
  doi           = {10.1007/BF02762868},
  fjournal      = {Israel Journal of Mathematics},
  issn          = {0021-2172},
  journal       = {Israel J. Math.},
  mrclass       = {46B22 (60G44)},
  mrnumber      = {599302},
  mrreviewer    = {Gilles\ Pisier},
  number        = {1-2},
  pages         = {54--75},
  title         = {Martingales valued in certain subspaces of {$L\sp{1}$}},
  url           = {https://doi.org/10.1007/BF02762868},
  volume        = {37},
  year          = {1980}
}
