@article{bourgain.chang:06:exponential,
 author = {Bourgain, J. and Chang, M.-C.},
 doi = {10.1007/s00039-006-0558-7},
 fjournal = {Geometric and Functional Analysis},
 issn = {1016-443X,1420-8970},
 journal = {Geom. Funct. Anal.},
 mrclass = {11L07 (11L05)},
 mrnumber = {2231466},
 mrreviewer = {Sergeu{i}\ V.\ Konyagin},
 number = {2},
 pages = {327--366},
 title = {Exponential sum estimates over subgroups and almost
subgroups of {$\Bbb Z_Q^*$}, where {$Q$} is composite with
few prime factors},
 url = {https://doi.org/10.1007/s00039-006-0558-7},
 volume = {16},
 year = {2006}
}
