@incollection{bourgain:04:on*1,
 author = {Bourgain, J.},
 booktitle = {Geometric aspects of functional analysis},
 doi = {10.1007/978-3-540-44489-3\_9},
 isbn = {3-540-22360-6},
 mrclass = {82B44 (47B39 47B80 47N55)},
 mrnumber = {2087153},
 mrreviewer = {David\ Damanik},
 pages = {77--99},
 publisher = {Springer, Berlin},
 series = {Lecture Notes in Math.},
 title = {On localization for lattice {S}chr\"{o}dinger operators
involving {B}ernoulli variables},
 url = {https://doi.org/10.1007/978-3-540-44489-3_9},
 volume = {1850},
 year = {2004}
}
