@incollection{bourgain:98:on,
  author        = {Bourgain, Jean},
  booktitle     = {Les relations entre les math\'{e}matiques et la physique th\'{e}orique},
  mrclass       = {35Q55 (37K10 37K55)},
  mrnumber      = {1667895},
  mrreviewer    = {Yun\ Bo\ Zeng},
  pages         = {11--21},
  publisher     = {Inst. Hautes \'{E}tudes Sci., Bures-sur-Yvette},
  title         = {On nonlinear {S}chr\"{o}dinger equations},
  year          = {1998}
}
