@article{bourguin.diez.ea:21:limiting,
  author        = {Bourguin, Solesne and Diez, Charles-Philippe and Tudor, Ciprian A.},
  doi           = {10.3150/20-bej1266},
  fjournal      = {Bernoulli. Official Journal of the Bernoulli Society for Mathematical Statistics and Probability},
  issn          = {1350-7265,1573-9759},
  journal       = {Bernoulli},
  mrclass       = {60B20 (60F05 60H07)},
  mrnumber      = {4255227},
  number        = {2},
  pages         = {1077--1102},
  title         = {Limiting behavior of large correlated {W}ishart matrices with chaotic entries},
  url           = {https://doi.org/10.3150/20-bej1266},
  volume        = {27},
  year          = {2021}
}
