@article{bourgain.lewko:17:sidonicity,
 author = {Bourgain, Jean and Lewko, Mark},
 fjournal = {Universit\'{e} de Grenoble. Annales de l'Institut Fourier},
 issn = {0373-0956,1777-5310},
 journal = {Ann. Inst. Fourier (Grenoble)},
 mrclass = {43A46 (42C05)},
 mrnumber = {3668774},
 mrreviewer = {D.\ L.\ Salinger},
 number = {3},
 pages = {1321--1352},
 title = {Sidonicity and variants of {K}aczmarz's problem},
 url = {http://aif.cedram.org/item?id=AIF_2017__67_3_1321_0},
 volume = {67},
 year = {2017}
}
