@article{bourgain:90:double,
  author        = {Bourgain, J.},
  doi           = {10.1515/crll.1990.404.140},
  fjournal      = {Journal f\"{u}r die Reine und Angewandte Mathematik. [Crelle's Journal]},
  issn          = {0075-4102,1435-5345},
  journal       = {J. Reine Angew. Math.},
  mrclass       = {28D05 (11K99 47A35)},
  mrnumber      = {1037434},
  mrreviewer    = {Anzelm\ Iwanik},
  pages         = {140--161},
  title         = {Double recurrence and almost sure convergence},
  url           = {https://doi.org/10.1515/crll.1990.404.140},
  volume        = {404},
  year          = {1990}
}
