@article{bourgain:16:on,
 author = {Bourgain, Jean},
 doi = {10.1353/ajm.2016.0018},
 fjournal = {American Journal of Mathematics},
 issn = {0002-9327,1080-6377},
 journal = {Amer. J. Math.},
 mrclass = {32A70},
 mrnumber = {3483477},
 mrreviewer = {E.\ S.\ Dubtsov},
 number = {2},
 pages = {571--584},
 title = {On uniformly bounded bases in spaces of holomorphic functions},
 url = {https://doi.org/10.1353/ajm.2016.0018},
 volume = {138},
 year = {2016}
}
