@article{bourgain:81:normes,
 author = {Bourgain, Jean},
 fjournal = {Comptes Rendus des S\'{e}ances de l'Acad\'{e}mie des
Sciences. S\'{e}rie I. Math\'{e}matique},
 issn = {0249-6291},
 journal = {C. R. Acad. Sci. Paris S\'{e}r. I Math.},
 mrclass = {47D30 (46B20)},
 mrnumber = {618895},
 number = {15},
 pages = {719--721},
 title = {Normes absolument sommantes et sous-espaces {$l\sp{infty
}$}},
 volume = {292},
 year = {1981}
}
