@article{bourgain.brezis.ea:00:on,
 author = {Bourgain, Jean and Brezis, Ha\"{i}m and Mironescu, Petru},
 doi = {10.1016/S0764-4442(00)00513-9},
 fjournal = {Comptes Rendus de l'Acad\'{e}mie des Sciences. S\'{e}rie I. Math\'{e}matique},
 issn = {0764-4442},
 journal = {C. R. Acad. Sci. Paris S\'{e}r. I Math.},
 mrclass = {46E35 (35Q60)},
 mrnumber = {1781527},
 mrreviewer = {Giandomenico\ Orlandi},
 number = {2},
 pages = {119--124},
 title = {On the structure of the {S}obolev space {$H^{1/2}$} with values into the circle},
 url = {https://doi.org/10.1016/S0764-4442(00)00513-9},
 volume = {331},
 year = {2000}
}
