@article{bourgain:14:on*3,
  author        = {Bourgain, Jean},
  doi           = {10.1007/s11856-014-1059-2},
  fjournal      = {Israel Journal of Mathematics},
  issn          = {0021-2172,1565-8511},
  journal       = {Israel J. Math.},
  mrclass       = {42B25},
  mrnumber      = {3273441},
  mrreviewer    = {Javier\ P\'{e}rez L\'{a}zaro},
  number        = {1},
  pages         = {275--293},
  title         = {On the {H}ardy-{L}ittlewood maximal function for the cube},
  url           = {https://doi.org/10.1007/s11856-014-1059-2},
  volume        = {203},
  year          = {2014}
}
