@article{bourgain.chang:09:sum-product,
 author = {Bourgain, Jean and Chang, Mei-Chu},
 doi = {10.1007/s11854-009-0033-0},
 fjournal = {Journal d'Analyse Math\'{e}matique},
 issn = {0021-7670,1565-8538},
 journal = {J. Anal. Math.},
 mrclass = {11B30 (11B13)},
 mrnumber = {2585396},
 mrreviewer = {Sergeu{i}\ V.\ Konyagin},
 pages = {253--277},
 title = {Sum-product theorems in algebraic number fields},
 url = {https://doi.org/10.1007/s11854-009-0033-0},
 volume = {109},
 year = {2009}
}
