@article{boursier.chafai.ea:23:universal,
  author        = {Boursier, Jeanne and Chafa\"{i}, Djalil and Labb\'{e}, Cyril},
  doi           = {10.1007/s00440-022-01158-5},
  fjournal      = {Probability Theory and Related Fields},
  issn          = {0178-8051},
  journal       = {Probab. Theory Related Fields},
  mrclass       = {60J60 (82C22)},
  mrnumber      = {4528974},
  number        = {1-2},
  pages         = {449--512},
  title         = {Universal cutoff for {D}yson {O}rnstein {U}hlenbeck process},
  url           = {https://doi.org/10.1007/s00440-022-01158-5},
  volume        = {185},
  year          = {2023}
}
