@article{bourgain.reinov:85:on,
  author        = {Bourgain, Jean and Reinov, Oleg},
  doi           = {10.1002/mana.19851220103},
  fjournal      = {Mathematische Nachrichten},
  issn          = {0025-584X,1522-2616},
  journal       = {Math. Nachr.},
  mrclass       = {46E15 (46J15)},
  mrnumber      = {871186},
  mrreviewer    = {P.\ Saphar},
  pages         = {19--27},
  title         = {On the approximation properties for the space {$H^infty$}},
  url           = {https://doi.org/10.1002/mana.19851220103},
  volume        = {122},
  year          = {1985}
}
