@article{bourgain:13:on*1,
 author = {Bourgain, J.},
 doi = {10.1134/s0081543813010045},
 fjournal = {Trudy Matematicheskogo Instituta Imeni V. A. Steklova},
 isbn = {5-7846-0125-3; 978-5-7846-0125-4},
 issn = {0371-9685},
 journal = {Tr. Mat. Inst. Steklova},
 mrclass = {42B20 (35J10 35Q41)},
 mrnumber = {3241836},
 mrreviewer = {Juan\ Luis\ Varona},
 pages = {53--66},
 title = {On the {S}chr\"{o}dinger maximal function in higher dimension},
 url = {https://doi.org/10.1134/s0081543813010045},
 volume = {280},
 year = {2013}
}
