@article{bourgain:81:counterexample,
  author        = {Bourgain, J.},
  fjournal      = {Compositio Mathematica},
  issn          = {0010-437X,1570-5846},
  journal       = {Compositio Math.},
  mrclass       = {46B25 (46E30)},
  mrnumber      = {631431},
  mrreviewer    = {James\ Hagler},
  number        = {1},
  pages         = {133--144},
  title         = {A counterexample to a complementation problem},
  url           = {http://www.numdam.org/item?id=CM_1981__43_1_133_0},
  volume        = {43},
  year          = {1981}
}
