@article{bourgain.kontorovich:14:on*1,
  author        = {Bourgain, Jean and Kontorovich, Alex},
  doi           = {10.4007/annals.2014.180.1.3},
  fjournal      = {Annals of Mathematics. Second Series},
  issn          = {0003-486X,1939-8980},
  journal       = {Ann. of Math. (2)},
  mrclass       = {11J70 (11A55)},
  mrnumber      = {3194813},
  mrreviewer    = {Oto\ Strauch},
  number        = {1},
  pages         = {137--196},
  title         = {On {Z}aremba's conjecture},
  url           = {https://doi.org/10.4007/annals.2014.180.1.3},
  volume        = {180},
  year          = {2014}
}
