@article{bourgain.milman.ea:86:on,
 author = {Bourgain, J. and Milman, V. and Wolfson, H.},
 doi = {10.2307/2000132},
 fjournal = {Transactions of the American Mathematical Society},
 issn = {0002-9947,1088-6850},
 journal = {Trans. Amer. Math. Soc.},
 mrclass = {46B99 (46G99 54E35 58C99)},
 mrnumber = {819949},
 mrreviewer = {Gilles\ Pisier},
 number = {1},
 pages = {295--317},
 title = {On type of metric spaces},
 url = {https://doi.org/10.2307/2000132},
 volume = {294},
 year = {1986}
}
