@incollection{bourgain.brezis.ea:01:another,
  author        = {Bourgain, Jean and Brezis, Haim and Mironescu, Petru},
  booktitle     = {Optimal control and partial differential equations},
  isbn          = {1-58603-096-5},
  mrclass       = {46E30},
  mrnumber      = {3586796},
  pages         = {439--455},
  publisher     = {IOS, Amsterdam},
  title         = {Another look at {S}obolev spaces},
  year          = {2001}
}
