@incollection{bourgain:95:remarks,
  author        = {Bourgain, J.},
  booktitle     = {Geometric aspects of functional analysis ({I}srael, 1992--1994)},
  isbn          = {3-7643-5207-8},
  mrclass       = {11M26},
  mrnumber      = {1353447},
  mrreviewer    = {D.\ R.\ Heath-Brown},
  pages         = {25--39},
  publisher     = {Birkh\"{a}user, Basel},
  series        = {Oper. Theory Adv. Appl.},
  title         = {Remarks on {H}alasz-{M}ontgomery type inequalities},
  volume        = {77},
  year          = {1995}
}
