@article{bourgain:13:prescribing,
 author = {Bourgain, Jean},
 doi = {10.1007/s11856-012-0104-2},
 fjournal = {Israel Journal of Mathematics},
 issn = {0021-2172,1565-8511},
 journal = {Israel J. Math.},
 mrclass = {11N05 (11A41 11A63)},
 mrnumber = {3047097},
 mrreviewer = {Vilius\ Stakenas},
 number = {2},
 pages = {935--955},
 title = {Prescribing the binary digits of primes},
 url = {https://doi.org/10.1007/s11856-012-0104-2},
 volume = {194},
 year = {2013}
}
