@article{bourgain:91:lp-estimates,
 author = {Bourgain, J.},
 doi = {10.1007/BF01895639},
 fjournal = {Geometric and Functional Analysis},
 issn = {1016-443X,1420-8970},
 journal = {Geom. Funct. Anal.},
 mrclass = {42B10 (42B20 47G10)},
 mrnumber = {1132294},
 mrreviewer = {Sundaram\ Thangavelu},
 number = {4},
 pages = {321--374},
 title = {{$L^p$}-estimates for oscillatory integrals in several variables},
 url = {https://doi.org/10.1007/BF01895639},
 volume = {1},
 year = {1991}
}
