@article{bourgain:89:on*2,
 author = {Bourgain, J.},
 doi = {10.1007/BF02764948},
 fjournal = {Israel Journal of Mathematics},
 issn = {0021-2172},
 journal = {Israel J. Math.},
 mrclass = {43A46 (11K31)},
 mrnumber = {1029904},
 mrreviewer = {Fran\c{c}oise\ Lust-Piquard},
 number = {3},
 pages = {291--311},
 title = {On {$\Lambda(p)$}-subsets of squares},
 url = {https://doi.org/10.1007/BF02764948},
 volume = {67},
 year = {1989}
}
