@article{bourgain:18:on*1,
 author = {Bourgain, J.},
 doi = {10.1007/s00029-017-0380-0},
 fjournal = {Selecta Mathematica. New Series},
 issn = {1022-1824,1420-9020},
 journal = {Selecta Math. (N.S.)},
 mrclass = {11D09 (11K50 11L05)},
 mrnumber = {3816517},
 mrreviewer = {P.\ Bundschuh},
 number = {3},
 pages = {2831--2839},
 title = {On quadratic irrationals with bounded partial quotients},
 url = {https://doi.org/10.1007/s00029-017-0380-0},
 volume = {24},
 year = {2018}
}
