@article{bourgain.brezis:07:new,
 author = {Bourgain, Jean and Brezis, Ha\"{i}m},
 doi = {10.4171/JEMS/80},
 fjournal = {Journal of the European Mathematical Society (JEMS)},
 issn = {1435-9855,1435-9863},
 journal = {J. Eur. Math. Soc. (JEMS)},
 mrclass = {35J05 (35B45 58A10)},
 mrnumber = {2293957},
 mrreviewer = {Vicen\c{t}iu\ D.\ Ru{a}dulescu},
 number = {2},
 pages = {277--315},
 title = {New estimates for elliptic equations and {H}odge type
systems},
 url = {https://doi.org/10.4171/JEMS/80},
 volume = {9},
 year = {2007}
}
