@article{bourgain:98:scattering,
  author        = {Bourgain, J.},
  doi           = {10.1007/BF02788703},
  fjournal      = {Journal d'Analyse Math\'{e}matique},
  issn          = {0021-7670,1565-8538},
  journal       = {J. Anal. Math.},
  mrclass       = {35P25 (35J10 35Q55)},
  mrnumber      = {1655835},
  mrreviewer    = {Tohru\ Ozawa},
  pages         = {267--297},
  title         = {Scattering in the energy space and below for 3{D} {NLS}},
  url           = {https://doi.org/10.1007/BF02788703},
  volume        = {75},
  year          = {1998}
}
