@incollection{bourgain:14:improved,
  author        = {Bourgain, Jean},
  booktitle     = {Geometric aspects of functional analysis},
  doi           = {10.1007/978-3-319-09477-9\_5},
  isbn          = {978-3-319-09476-2; 978-3-319-09477-9},
  mrclass       = {94A12 (15B34)},
  mrnumber      = {3364679},
  pages         = {65--70},
  publisher     = {Springer, Cham},
  series        = {Lecture Notes in Math.},
  title         = {An improved estimate in the restricted isometry problem},
  url           = {https://doi.org/10.1007/978-3-319-09477-9\_5},
  volume        = {2116},
  year          = {2014}
}
