@article{bourgain:85:on*3,
  author        = {Bourgain, Jean},
  fjournal      = {Universit\'{e} de Grenoble. Annales de l'Institut Fourier},
  issn          = {0373-0956,1777-5310},
  journal       = {Ann. Inst. Fourier (Grenoble)},
  mrclass       = {46J15 (30H05 46J20)},
  mrnumber      = {812323},
  mrreviewer    = {Richard\ Rochberg},
  number        = {4},
  pages         = {163--174},
  title         = {On finitely generated closed ideals in {$H^infty(D)$}},
  url           = {http://www.numdam.org/item?id=AIF_1985__35_4_163_0},
  volume        = {35},
  year          = {1985}
}
