@article{bourgain:88:almost,
 author = {Bourgain, J.},
 doi = {10.1007/BF02765022},
 fjournal = {Israel Journal of Mathematics},
 issn = {0021-2172},
 journal = {Israel J. Math.},
 mrclass = {60G15 (28D99 47A35 47B38 94A17)},
 mrnumber = {959049},
 mrreviewer = {F.\ M\'{o}ricz},
 number = {1},
 pages = {79--97},
 title = {Almost sure convergence and bounded entropy},
 url = {https://doi.org/10.1007/BF02765022},
 volume = {63},
 year = {1988}
}
