@article{bourgain:16:note,
 author = {Bourgain, J.},
 doi = {10.1007/s11854-016-0042-8},
 fjournal = {Journal d'Analyse Math\'{e}matique},
 issn = {0021-7670,1565-8538},
 journal = {J. Anal. Math.},
 mrclass = {42B25 (35Q41)},
 mrnumber = {3574661},
 mrreviewer = {Manuel\ Alejandro\ Sanabria Garc\'{i}a},
 pages = {393--396},
 title = {A note on the {S}chr\"{o}dinger maximal function},
 url = {https://doi.org/10.1007/s11854-016-0042-8},
 volume = {130},
 year = {2016}
}
