@incollection{bourgain.kalai:99:threshold,
 author = {Bourgain, Jean and Kalai, Gil},
 booktitle = {Convex geometric analysis ({B}erkeley, {CA}, 1996)},
 isbn = {0-521-64259-0},
 mrclass = {05C80},
 mrnumber = {1665577},
 pages = {59--63},
 publisher = {Cambridge Univ. Press, Cambridge},
 series = {Math. Sci. Res. Inst. Publ.},
 title = {Threshold intervals under group symmetries},
 volume = {34},
 year = {1999}
}
