@inproceedings{bourgain.dilworth.ea:11:breaking,
  author        = {Bourgain, Jean and Dilworth, S. J. and Ford, Kevin and Konyagin, Sergei V. and Kutzarova, Denka},
  booktitle     = {S{TOC}'11---{P}roceedings of the 43rd {ACM} {S}ymposium on {T}heory of {C}omputing},
  doi           = {10.1145/1993636.1993721},
  isbn          = {978-1-4503-0691-1},
  mrclass       = {94A20},
  mrnumber      = {2932014},
  pages         = {637--644},
  publisher     = {ACM, New York},
  title         = {Breaking the {$k^2$} barrier for explicit {RIP} matrices [extended abstract]},
  url           = {https://doi.org/10.1145/1993636.1993721},
  year          = {2011}
}
