@article{bourgain.shao.ea:15:on,
 author = {Bourgain, Jean and Shao, Peng and Sogge, Christopher D.
and Yao, Xiaohua},
 doi = {10.1007/s00220-014-2077-y},
 fjournal = {Communications in Mathematical Physics},
 issn = {0010-3616,1432-0916},
 journal = {Comm. Math. Phys.},
 mrclass = {58J50 (47A10)},
 mrnumber = {3302640},
 mrreviewer = {G.\ V.\ Rozenblum},
 number = {3},
 pages = {1483--1527},
 title = {On {$L^p$}-resolvent estimates and the density of
eigenvalues for compact {R}iemannian manifolds},
 url = {https://doi.org/10.1007/s00220-014-2077-y},
 volume = {333},
 year = {2015}
}
