@article{bourgain.dvir.ea:16:affine,
 author = {Bourgain, Jean and Dvir, Zeev and Leeman, Ethan},
 doi = {10.1007/s00037-015-0108-5},
 fjournal = {Computational Complexity},
 issn = {1016-3328,1420-8954},
 journal = {Comput. Complexity},
 mrclass = {68W20 (68W30)},
 mrnumber = {3566209},
 mrreviewer = {Colton\ Magnant},
 number = {4},
 pages = {921--931},
 title = {Affine extractors over large fields with exponential
error},
 url = {https://doi.org/10.1007/s00037-015-0108-5},
 volume = {25},
 year = {2016}
}
