@incollection{bourgain:00:problems,
  author        = {Bourgain, J.},
  doi           = {10.1007/978-3-0346-0422-2\_2},
  fjournal      = {Geometric and Functional Analysis},
  issn          = {1016-443X,1420-8970},
  journal       = {Geom. Funct. Anal.},
  mrclass       = {35F20 (35B30 35B40 35Q55)},
  mrnumber      = {1826248},
  mrreviewer    = {Paola\ Loreti},
  note          = {GAFA 2000 (Tel Aviv, 1999)},
  pages         = {32--56},
  title         = {Problems in {H}amiltonian {PDE}'s},
  url           = {https://doi.org/10.1007/978-3-0346-0422-2_2},
  year          = {2000}
}
