@article{bourgain.demeter:17:decouplings,
 author = {Bourgain, Jean and Demeter, Ciprian},
 doi = {10.1007/s11854-017-0034-3},
 fjournal = {Journal d'Analyse Math\'{e}matique},
 issn = {0021-7670,1565-8538},
 journal = {J. Anal. Math.},
 mrclass = {11E76},
 mrnumber = {3736493},
 mrreviewer = {Rainer\ Dietmann},
 pages = {279--311},
 title = {Decouplings for curves and hypersurfaces with nonzero {G}aussian curvature},
 url = {https://doi.org/10.1007/s11854-017-0034-3},
 volume = {133},
 year = {2017}
}
