@article{bourgain.jitomirskaya:02:absolutely,
 author = {Bourgain, J. and Jitomirskaya, S.},
 doi = {10.1007/s002220100196},
 fjournal = {Inventiones Mathematicae},
 issn = {0020-9910,1432-1297},
 journal = {Invent. Math.},
 mrclass = {47B39 (39A70 47A10 47N50 81Q10)},
 mrnumber = {1908056},
 mrreviewer = {Fr\'{e}d\'{e}ric\ Klopp},
 number = {3},
 pages = {453--463},
 title = {Absolutely continuous spectrum for 1{D} quasiperiodic operators},
 url = {https://doi.org/10.1007/s002220100196},
 volume = {148},
 year = {2002}
}
