@incollection{bourgain:79:dunford-pettis,
  author        = {Bourgain, J.},
  booktitle     = {Initiation {S}eminar on {A}nalysis: {G}. {C}hoquet-{M}. {R}ogalski-{J}. {S}aint-{R}aymond, 18th {Y}ear: 1978/1979},
  mrclass       = {46B22 (47B38)},
  mrnumber      = {670763},
  pages         = {Exp. No. 6, 17},
  publisher     = {Univ. Paris VI, Paris},
  series        = {Publ. Math. Univ. Pierre et Marie Curie},
  title         = {Dunford-{P}ettis operators on {$L\sp{1}$} and the {R}adon-{N}ikod\'{y}m property},
  volume        = {29},
  year          = {1979}
}
