@incollection{bourgain:94:harmonic,
 author = {Bourgain, J.},
 booktitle = {First {E}uropean {C}ongress of {M}athematics, {V}ol. {I} ({P}aris, 1992)},
 isbn = {3-7643-2798-7},
 mrclass = {35Q55 (35A25 35Q53)},
 mrnumber = {1341832},
 pages = {423--444},
 publisher = {Birkh\"{a}user, Basel},
 series = {Progr. Math.},
 title = {A harmonic analysis approach to problems in nonlinear partial differential equations},
 volume = {119},
 year = {1994}
}
