@incollection{bourgain:85:on*2,
 author = {Bourgain, J.},
<<<<<<< Updated upstream
 fjournal = {Bulletin de la Soci\'{e}t\'{e} Math\'{e}matique de Belgique. S\'{e}rie B},
 issn = {0037-9476},
 journal = {Bull. Soc. Math. Belg. S\'{e}r. B},
 mrclass = {42A50 (42A45)},
 mrnumber = {847119},
 mrreviewer = {Jos\'{e}\ L.\ Rubio de Francia},
 number = {1},
 pages = {20--26},
 title = {On square functions on the trigonometric system},
 volume = {37},
||||||| Stash base
 doi = {10.1007/BF02776078},
 fjournal = {Israel Journal of Mathematics},
 issn = {0021-2172},
 journal = {Israel J. Math.},
 mrclass = {46B99 (05C80 58B05)},
 mrnumber = {815600},
 mrreviewer = {Michel\ Deza},
 number = {1-2},
 pages = {46--52},
 title = {On {L}ipschitz embedding of finite metric spaces in {H}ilbert space},
 url = {https://doi.org/10.1007/BF02776078},
 volume = {52},
=======
 booktitle = {Texas functional analysis seminar 1984--1985 ({A}ustin, {T}ex.)},
 mrclass = {43A46 (43A25)},
 mrnumber = {832256},
 pages = {125--129},
 publisher = {Univ. Texas Press, Austin, TX},
 series = {Longhorn Notes},
 title = {On the dichotomy problem in harmonic analysis},
>>>>>>> Stashed changes
 year = {1985}
}
