@article{boutet-de-monvel.khorunzhy:99:asymptotic,
 author = {Boutet de Monvel, A. and Khorunzhy, A.},
 doi = {10.1515/rose.1999.7.1.1},
 fjournal = {Random Operators and Stochastic Equations},
 issn = {0926-6364},
 journal = {Random Oper. Stochastic Equations},
 mrclass = {60F99 (15A18 60F05 60H25 81Q10 82B41)},
 mrnumber = {1678012},
 mrreviewer = {V. L. Girko},
 number = {1},
 pages = {1--22},
 title = {Asymptotic distribution of smoothed eigenvalue density. {I}. {G}aussian random matrices},
 url = {https://doi.org/10.1515/rose.1999.7.1.1},
 volume = {7},
 year = {1999}
}
