@article{bovier.klimovsky:08:fluctuations,
 author = {Bovier, Anton and Klimovsky, Anton},
 doi = {10.1063/1.2962982},
 fjournal = {Journal of Mathematical Physics},
 issn = {0022-2488,1089-7658},
 journal = {J. Math. Phys.},
 mrclass = {82B44 (60F99 60G15 60K40)},
 mrnumber = {2484333},
 mrreviewer = {Nicoletta\ Cancrini},
 number = {12},
 pages = {125202, 27},
 title = {Fluctuations of the partition function in the generalized random energy model with external field},
 url = {https://doi.org/10.1063/1.2962982},
 volume = {49},
 year = {2008}
}
