@article{bovier.kurkova.ea:02:fluctuations,
 author = {Bovier, Anton and Kurkova, Irina and L\"{o}we, Matthias},
 doi = {10.1214/aop/1023481004},
 fjournal = {The Annals of Probability},
 issn = {0091-1798},
 journal = {Ann. Probab.},
 mrclass = {60K35 (82C44)},
 mrnumber = {1905853},
 mrreviewer = {Nicoletta Cancrini},
 number = {2},
 pages = {605--651},
 title = {Fluctuations of the free energy in the {REM} and the
{$p$}-spin {SK} models},
 url = {https://doi.org/10.1214/aop/1023481004},
 volume = {30},
 year = {2002}
}
