@article{boyadjiev.luchko:17:multi-dimensional,
  author        = {Boyadjiev, Lyubomir and Luchko, Yuri},
  doi           = {10.1016/j.camwa.2017.03.020},
  fjournal      = {Computers \& Mathematics with Applications. An International Journal},
  issn          = {0898-1221,1873-7668},
  journal       = {Comput. Math. Appl.},
  mrclass       = {35R11 (35A08)},
  mrnumber      = {3649996},
  number        = {12},
  pages         = {2561--2572},
  title         = {Multi-dimensional {$\alpha$}-fractional diffusion-wave equation and some properties of its fundamental solution},
  url           = {https://doi.org/10.1016/j.camwa.2017.03.020},
  volume        = {73},
  year          = {2017}
}
