@book{boyd.vandenberghe:04:convex,
 author = {Boyd, Stephen and Vandenberghe, Lieven},
 publisher = {Cambridge University Press},
 title = {Convex Optimization},
 year = {2004}
}
