@book{bracewell:86:fourier,
 author = {Bracewell, Ronald N.},
 edition = {Third},
 isbn = {0-07-007015-6},
 mrclass = {42A38},
 mrnumber = {924577},
 pages = {xx+474},
 publisher = {McGraw-Hill Book Co., New York},
 series = {McGraw-Hill Series in Electrical Engineering. Circuits and
Systems},
 title = {The {F}ourier transform and its applications},
 year = {1986}
}
