@article{bracci.contreras.ea:12:evolution,
  author        = {Bracci, Filippo and Contreras, Manuel D. and D\'{\i}az-Madrigal, Santiago},
  doi           = {10.1515/crelle.2011.167},
  fjournal      = {Journal f\"{u}r die Reine und Angewandte Mathematik. [Crelle's Journal]},
  issn          = {0075-4102},
  journal       = {J. Reine Angew. Math.},
  mrclass       = {30C80 (30C35 30C55 30D05 34M15)},
  mrnumber      = {2995431},
  mrreviewer    = {Dmitri Valentinovi\'{c} Prokhorov},
  pages         = {1--37},
  title         = {Evolution families and the {L}oewner equation {I}: the unit disc},
  url           = {https://doi.org/10.1515/crelle.2011.167},
  volume        = {672},
  year          = {2012}
}
