@book{bradley:07:introduction,
  author        = {Bradley, Richard C.},
  isbn          = {0-9740427-7-3},
  mrclass       = {60-02 (37A25 37A50 60F05)},
  mrnumber      = {2325295},
  pages         = {xii+553},
  publisher     = {Kendrick Press, Heber City, UT},
  title         = {Introduction to strong mixing conditions. {V}ol. 2},
  year          = {2007}
}
