@article{bradley:05:basic,
 author = {Bradley, Richard C.},
 doi = {10.1214/154957805100000104},
 fjournal = {Probability Surveys},
 journal = {Probab. Surv.},
 mrclass = {60G10},
 mrnumber = {2178042},
 mrreviewer = {Lajos Horv\'{a}th},
 note = {Update of, and a supplement to, the 1986 original},
 pages = {107--144},
 title = {Basic properties of strong mixing conditions. {A} survey
and some open questions},
 url = {https://doi.org/10.1214/154957805100000104},
 volume = {2},
 year = {2005}
}
