@article{bramson:83:convergence,
  author        = {Bramson, Maury},
  doi           = {10.1090/memo/0285},
  fjournal      = {Memoirs of the American Mathematical Society},
  issn          = {0065-9266},
  journal       = {Mem. Amer. Math. Soc.},
  mrclass       = {60J65 (35K55 92A10)},
  mrnumber      = {705746},
  mrreviewer    = {Kazuaki Taira},
  number        = {285},
  pages         = {iv+190},
  title         = {Convergence of solutions of the {K}olmogorov equation to travelling waves},
  url           = {https://doi.org/10.1090/memo/0285},
  volume        = {44},
  year          = {1983}
}
