@article{bramson.ding.ea:16:convergence,
 author = {Bramson, Maury and Ding, Jian and Zeitouni, Ofer},
 doi = {10.1002/cpa.21621},
 fjournal = {Communications on Pure and Applied Mathematics},
 issn = {0010-3640,1097-0312},
 journal = {Comm. Pure Appl. Math.},
 mrclass = {60G15 (05C81 60F05 60G60 60J80)},
 mrnumber = {3433630},
 mrreviewer = {Serguei\ Popov},
 number = {1},
 pages = {62--123},
 title = {Convergence in law of the maximum of the two-dimensional discrete {G}aussian free field},
 url = {https://doi.org/10.1002/cpa.21621},
 volume = {69},
 year = {2016}
}
