@article{bramson:78:maximal,
  author        = {Bramson, Maury D.},
  doi           = {10.1002/cpa.3160310502},
  fjournal      = {Communications on Pure and Applied Mathematics},
  issn          = {0010-3640},
  journal       = {Comm. Pure Appl. Math.},
  mrclass       = {60J80},
  mrnumber      = {494541},
  mrreviewer    = {S\o ren Asmussen},
  number        = {5},
  pages         = {531--581},
  title         = {Maximal displacement of branching {B}rownian motion},
  url           = {https://doi.org/10.1002/cpa.3160310502},
  volume        = {31},
  year          = {1978}
}
