@article{bramson.durrett:88:simple,
  author        = {Bramson, Maury and Durrett, Rick},
  doi           = {10.1007/BF00356107},
  fjournal      = {Probability Theory and Related Fields},
  issn          = {0178-8051},
  journal       = {Probab. Theory Related Fields},
  mrclass       = {60K35},
  mrnumber      = {968822},
  mrreviewer    = {Kai Long Ren},
  number        = {2},
  pages         = {293--298},
  title         = {A simple proof of the stability criterion of {G}ray and {G}riffeath},
  url           = {https://doi.org/10.1007/BF00356107},
  volume        = {80},
  year          = {1988}
}
