@article{brandt.foerster.ea:20:wireless,
 author = {Sebastian Brandt and Klaus-Tycho Foerster and Benjamin
Richner and Roger Wattenhofer},
 journal = {Theor. Comput. Sci.},
 pages = {56--69},
 title = {Wireless evacuation on \emph{m} rays with \emph{k}
searchers},
 volume = {811},
 year = {2020}
}
