@article{brehier.cohen.ea:24:analysis,
  author        = {Br\'ehier, Charles-Edouard and Cohen, David and Ulander, Johan},
  doi           = {10.1051/m2an/2024032},
  fjournal      = {ESAIM. Mathematical Modelling and Numerical Analysis},
  issn          = {2822-7840,2804-7214},
  journal       = {ESAIM Math. Model. Numer. Anal.},
  mrclass       = {65C30 (35K05 35R60 60H35 65J08)},
  mrnumber      = {4780408},
  mrreviewer    = {Ioannis\ S.\ Stamatiou},
  number        = {4},
  pages         = {1317--1346},
  title         = {Analysis of a positivity-preserving splitting scheme for some semilinear stochastic heat equations},
  url           = {https://doi.org/10.1051/m2an/2024032},
  volume        = {58},
  year          = {2024}
}
