@article{brereton:19:invariant,
  author        = {Brereton, Justin T.},
  doi           = {10.1088/1361-6544/aaec90},
  fjournal      = {Nonlinearity},
  issn          = {0951-7715},
  journal       = {Nonlinearity},
  mrclass       = {35Q55 (35B30 35R60)},
  mrnumber      = {3900225},
  mrreviewer    = {Gabriel Stoltz},
  number        = {2},
  pages         = {496--558},
  title         = {Invariant measure construction at a fixed mass},
  url           = {https://doi.org/10.1088/1361-6544/aaec90},
  volume        = {32},
  year          = {2019}
}
