@article{breuer.major:83:central,
  author        = {Breuer, Peter and Major, P\'{e}ter},
  doi           = {10.1016/0047-259X(83)90019-2},
  fjournal      = {Journal of Multivariate Analysis},
  issn          = {0047-259X},
  journal       = {J. Multivariate Anal.},
  mrclass       = {60F05 (60G15 60G60)},
  mrnumber      = {716933},
  mrreviewer    = {Yu. S. Mishura},
  number        = {3},
  pages         = {425--441},
  title         = {Central limit theorems for nonlinear functionals of {G}aussian fields},
  url           = {https://doi.org/10.1016/0047-259X(83)90019-2},
  volume        = {13},
  year          = {1983}
}
