@incollection{brezin.hikami:11:characteristic,
  author        = {Br\'{e}zin, E. and Hikami, S.},
  booktitle     = {The {O}xford handbook of random matrix theory},
  mrclass       = {60B20 (15B52)},
  mrnumber      = {2932639},
  mrreviewer    = {Oleksiy Khorunzhiy},
  pages         = {398--414},
  publisher     = {Oxford Univ. Press, Oxford},
  title         = {Characteristic polynomials},
  year          = {2011}
}
