@article{brezis.cazenave.ea:96:blow,
 author = {Brezis, Ha\"{i}m and Cazenave, Thierry and Martel, Yvan and Ramiandrisoa, Arthur},
 fjournal = {Advances in Differential Equations},
 issn = {1079-9389},
 journal = {Adv. Differential Equations},
 mrclass = {35K60 (35J65)},
 mrnumber = {1357955},
 mrreviewer = {Song Mu Zheng},
 number = {1},
 pages = {73--90},
 title = {Blow up for {$u_t-\Delta u=g(u)$} revisited},
 volume = {1},
 year = {1996}
}
