@article{brezis.vazquez:97:blow-up,
  author        = {Brezis, Haim and V\'{a}zquez, Juan Luis},
  fjournal      = {Revista Matem\'{a}tica de la Universidad Complutense de Madrid},
  issn          = {0214-3577},
  journal       = {Rev. Mat. Univ. Complut. Madrid},
  mrclass       = {35J65 (35B05 35P30 35Q55)},
  mrnumber      = {1605678},
  mrreviewer    = {C. A. Swanson},
  number        = {2},
  pages         = {443--469},
  title         = {Blow-up solutions of some nonlinear elliptic problems},
  volume        = {10},
  year          = {1997}
}
