@article{brezin.kazakov.ea:90:scaling,
  author        = {Br\'{e}zin, \'{E}. and Kazakov, V. A. and Zamolodchikov, Al. B.},
  doi           = {10.1016/0550-3213(90)90647-V},
  fjournal      = {Nuclear Physics. B. Theoretical, Phenomenological, and Experimental High Energy Physics. Quantum Field Theory and Statistical Systems},
  issn          = {0550-3213},
  journal       = {Nuclear Phys. B},
  mrclass       = {81T30 (81T25 83E30)},
  mrnumber      = {1063592},
  mrreviewer    = {C. Gauthier},
  number        = {3},
  pages         = {673--688},
  title         = {Scaling violation in a field theory of closed strings in one physical dimension},
  url           = {https://doi.org/10.1016/0550-3213(90)90647-V},
  volume        = {338},
  year          = {1990}
}
