@article{bringmann.deng.ea:24:invariant,
  author        = {Bringmann, Bjoern and Deng, Yu and Nahmod, Andrea R. and Yue, Haitian},
  doi           = {10.1007/s00222-024-01254-4},
  fjournal      = {Inventiones Mathematicae},
  issn          = {0020-9910},
  journal       = {Invent. Math.},
  mrclass       = {35L72 (37D35 42B37 81T08)},
  mrnumber      = {4743517},
  mrreviewer    = {Julio Delgado},
  number        = {3},
  pages         = {1133--1411},
  title         = {Invariant {G}ibbs measures for the three dimensional cubic nonlinear wave equation},
  url           = {https://doi.org/10.1007/s00222-024-01254-4},
  volume        = {236},
  year          = {2024}
}
