@article{bringmann:24:invariant,
  author        = {Bringmann, Bjoern},
  doi           = {10.4171/jems/1317},
  fjournal      = {Journal of the European Mathematical Society (JEMS)},
  issn          = {1435-9855},
  journal       = {J. Eur. Math. Soc. (JEMS)},
  mrclass       = {35L15 (35R30 60H30)},
  mrnumber      = {4742806},
  number        = {6},
  pages         = {1933--2089},
  title         = {Invariant {G}ibbs measures for the three-dimensional wave equation with a {H}artree nonlinearity {II}: dynamics},
  url           = {https://doi.org/10.4171/jems/1317},
  volume        = {26},
  year          = {2024}
}
