@article{brislawn:91:traceable,
 author = {Brislawn, Chris},
 fjournal = {Pacific Journal of Mathematics},
 issn = {0030-8730},
 journal = {Pacific J. Math.},
 mrclass = {47B10 (47G10)},
 mrnumber = {1123441},
 mrreviewer = {Mario Milman},
 number = {2},
 pages = {229--240},
 title = {Traceable integral kernels on countably generated measure
spaces},
 url = {http://projecteuclid.org/euclid.pjm/1102637666},
 volume = {150},
 year = {1991}
}
