@article{brody.flores.ea:81:random-matrix,
 author = {Brody, T. A. and Flores, J. and French, J. B. and Mello, P. A. and Pandey, A. and Wong, S. S. M.},
 doi = {10.1103/RevModPhys.53.385},
 fjournal = {Reviews of Modern Physics},
 issn = {0034-6861},
 journal = {Rev. Modern Phys.},
 mrclass = {81G35},
 mrnumber = {619406},
 number = {3},
 pages = {385--479},
 title = {Random-matrix physics: spectrum and strength fluctuations},
 url = {https://doi.org/10.1103/RevModPhys.53.385},
 volume = {53},
 year = {1981}
}
