@book{brooks.gelman.ea:11:handbook,
 author = {Brooks, Steve and Gelman, Andrew and Jones, Galin and
Meng, Xiao-Li},
 publisher = {CRC Press},
 title = {Handbook of {Markov} Chain {M}onte {C}arlo},
 year = {2011}
}
