@article{brosamler:88:almost,
 author = {Brosamler, Gunnar A.},
 doi = {10.1017/S0305004100065750},
 fjournal = {Mathematical Proceedings of the Cambridge Philosophical
Society},
 issn = {0305-0041},
 journal = {Math. Proc. Cambridge Philos. Soc.},
 mrclass = {60F05 (60B10)},
 mrnumber = {957261},
 mrreviewer = {Albert Raugi},
 number = {3},
 pages = {561--574},
 title = {An almost everywhere central limit theorem},
 url = {https://doi.org/10.1017/S0305004100065750},
 volume = {104},
 year = {1988}
}
