@article{brown.degrange.ea:17:scheduling,
 author = {Brown, Gerald G and DeGrange, Walter C and Price, Wilson L
and Rowe, Anton A},
 journal = {Naval Research Logistics (NRL)},
 number = {8},
 pages = {677--693},
 publisher = {Wiley Online Library},
 title = {Scheduling combat logistics force replenishments at sea
for the {US Navy}},
 volume = {64},
 year = {2017}
}
