@article{brown:28:microscopical,
 author = {Brown, Robert},
 journal = {Philos. Mag},
 number = {21},
 pages = {161--173},
 title = {Microscopical observations},
 volume = {4},
 year = {1828}
}
