@article{brownlees.nualart.ea:18:realized,
  author        = {Brownlees, Christian and Nualart, Eul\`alia and Sun, Yucheng},
  doi           = {10.1002/jae.2642},
  fjournal      = {Journal of Applied Econometrics},
  issn          = {0883-7252},
  journal       = {J. Appl. Econometrics},
  mrclass       = {Expansion},
  mrnumber      = {3887275},
  number        = {7},
  pages         = {986--1006},
  title         = {Realized networks},
  url           = {https://doi.org/10.1002/jae.2642},
  volume        = {33},
  year          = {2018}
}
