@article{brox:86:one-dimensional,
  author        = {Brox, Th.},
  fjournal      = {The Annals of Probability},
  issn          = {0091-1798},
  journal       = {Ann. Probab.},
  mrclass       = {60J60 (60F99)},
  mrnumber      = {866343},
  mrreviewer    = {Maria E. Vares},
  number        = {4},
  pages         = {1206--1218},
  title         = {A one-dimensional diffusion process in a {W}iener medium},
  url           = {http://links.jstor.org/sici?sici=0091-1798(198610)14:4<1206:AODPIA>2.0.CO;2-F\&origin=MSN},
  volume        = {14},
  year          = {1986}
}
