@article{bruned.gabriel.ea:21:geometric,
 author = {Bruned, Y. and Gabriel, F. and Hairer, M. and Zambotti,
L.},
 doi = {10.1090/jams/977},
 fjournal = {Journal of the American Mathematical Society},
 issn = {0894-0347},
 journal = {J. Amer. Math. Soc.},
 mrclass = {60H15},
 mrnumber = {4322389},
 number = {1},
 pages = {1--80},
 title = {Geometric stochastic heat equations},
 url = {https://doi.org/10.1090/jams/977},
 volume = {35},
 year = {2021}
}
