@article{brunet.derrida.ea:06:noisy,
 author = {Brunet, E. and Derrida, B. and Mueller, A. H. and Munier, S.},
 doi = {10.1209/epl/i2006-10224-4},
 fjournal = {Europhysics Letters},
 issn = {0295-5075,1286-4854},
 journal = {Europhys. Lett.},
 mrclass = {82C31 (92D15)},
 mrnumber = {2299937},
 number = {1},
 pages = {1--7},
 title = {Noisy traveling waves: effect of selection on genealogies},
 url = {https://doi.org/10.1209/epl/i2006-10224-4},
 volume = {76},
 year = {2006}
}
