@article{brunet.derrida:04:exactly,
 author = {Brunet, \'Eric and Derrida, Bernard},
 doi = {10.1103/PhysRevE.70.016106},
 fjournal = {Physical Review E. Statistical, Nonlinear, and Soft Matter
Physics},
 issn = {1539-3755,1550-2376},
 journal = {Phys. Rev. E (3)},
 mrclass = {82D60 (82B31 82B44)},
 mrnumber = {2125704},
 number = {1},
 pages = {016106, 5},
 title = {Exactly soluble noisy traveling-wave equation appearing in
the problem of directed polymers in a random medium},
 url = {https://doi.org/10.1103/PhysRevE.70.016106},
 volume = {70},
 year = {2004}
}
