@article{brunet.derrida:13:genealogies,
 author = {Brunet, \'Eric and Derrida, Bernard},
 doi = {10.1088/1742-5468/2013/01/p01006},
 fjournal = {Journal of Statistical Mechanics: Theory and Experiment},
 issn = {1742-5468},
 journal = {J. Stat. Mech. Theory Exp.},
 mrclass = {92D15},
 mrnumber = {3036206},
 number = {1},
 pages = {P01006, 20},
 title = {Genealogies in simple models of evolution},
 url = {https://doi.org/10.1088/1742-5468/2013/01/p01006},
 year = {2013}
}
