@article{bruned.hairer.ea:20:renormalisation,
 author = {Bruned, Yvain and Hairer, Martin and Zambotti, Lorenzo},
 doi = {10.4171/news/115/3},
 fjournal = {European Mathematical Society. Newsletter},
 issn = {1027-488X},
 journal = {Eur. Math. Soc. Newsl.},
 mrclass = {60L30 (05C05 16S99 16T05 60L70)},
 mrnumber = {4226805},
 number = {115},
 pages = {7--11},
 title = {Renormalisation of stochastic partial differential
equations},
 url = {https://doi.org/10.4171/news/115/3},
 year = {2020}
}
