@article{brydges.slade:96:statistical,
  author        = {Brydges, David C. and Slade, Gordon},
  fjournal      = {Communications in Mathematical Physics},
  issn          = {0010-3616},
  journal       = {Comm. Math. Phys.},
  mrclass       = {82C27 (35Q55)},
  mrnumber      = {1447302},
  mrreviewer    = {Tohru Ozawa},
  number        = {2},
  pages         = {485--504},
  title         = {Statistical mechanics of the {$2$}-dimensional focusing nonlinear {S}chr\"{o}dinger equation},
  url           = {http://projecteuclid.org/euclid.cmp/1104288157},
  volume        = {182},
  year          = {1996}
}
