@article{brzezniak.goldys.ea:15:second,
 author = {Brze\'{z}niak, Zdzis{\l}aw and Goldys, Ben and Peszat,
Szymon and Russo, Francesco},
 doi = {10.1007/s00028-014-0246-2},
 fjournal = {Journal of Evolution Equations},
 issn = {1424-3199,1424-3202},
 journal = {J. Evol. Equ.},
 mrclass = {60H15 (35B65 35J05 35J25 35K05 35R60 60G20)},
 mrnumber = {3315663},
 mrreviewer = {Sergey\ V.\ Lototsky},
 number = {1},
 pages = {1--26},
 title = {Second order {PDE}s with {D}irichlet white noise boundary
conditions},
 url = {https://doi.org/10.1007/s00028-014-0246-2},
 volume = {15},
 year = {2015}
}
