@article{brzezniak.capinski.ea:93:pathwise,
  author        = {Brze\'{z}niak, Zdzis{\l}aw and Capi\'{n}ski, Marek and Flandoli, Franco},
  doi           = {10.1007/BF01197339},
  fjournal      = {Probability Theory and Related Fields},
  issn          = {0178-8051,1432-2064},
  journal       = {Probab. Theory Related Fields},
  mrclass       = {60H10},
  mrnumber      = {1207308},
  mrreviewer    = {Bohdan\ Maslowski},
  number        = {1},
  pages         = {87--102},
  title         = {Pathwise global attractors for stationary random dynamical systems},
  url           = {https://doi.org/10.1007/BF01197339},
  volume        = {95},
  year          = {1993}
}
