@incollection{brzezniak.peszat:10:hyperbolic,
  author        = {Brze\'{z}niak, Zdzis{\l}aw and Peszat, Szymon},
  booktitle     = {Recent development in stochastic dynamics and stochastic analysis},
  doi           = {10.1142/9789814277266\_0001},
  isbn          = {978-981-4277-25-9; 981-4277-25-8},
  mrclass       = {35L05 (35R60 47D06 47N20 60H25)},
  mrnumber      = {2807810},
  pages         = {1--21},
  publisher     = {World Sci. Publ., Hackensack, NJ},
  series        = {Interdiscip. Math. Sci.},
  title         = {Hyperbolic equations with random boundary conditions},
  url           = {https://doi.org/10.1142/9789814277266_0001},
  volume        = {8},
  year          = {2010}
}
