@article{brzezniak.maslowski.ea:05:stochastic,
 author = {Brze\'{z}niak, Zdzis\l aw and Maslowski, Bohdan and Seidler, Jan},
 doi = {10.1007/s00440-004-0392-5},
 fjournal = {Probability Theory and Related Fields},
 issn = {0178-8051,1432-2064},
 journal = {Probab. Theory Related Fields},
 mrclass = {60H15 (35Q72 35R60 74H50 74K10)},
 mrnumber = {2136869},
 mrreviewer = {Grigorios\ A.\ Pavliotis},
 number = {1},
 pages = {119--149},
 title = {Stochastic nonlinear beam equations},
 url = {https://doi.org/10.1007/s00440-004-0392-5},
 volume = {132},
 year = {2005}
}
