@article{brzezniak.peszat:01:stochastic,
 author = {Brze\'{z}niak, Zdzis{\l}aw and Peszat, Szymon},
 doi = {10.1214/aop/1015345773},
 fjournal = {The Annals of Probability},
 issn = {0091-1798,2168-894X},
 journal = {Ann. Probab.},
 mrclass = {60G60 (35Q30 35R60 60J25 76B99 76M35)},
 mrnumber = {1880243},
 mrreviewer = {Yimin\ Xiao},
 number = {4},
 pages = {1796--1832},
 title = {Stochastic two dimensional {E}uler equations},
 url = {https://doi.org/10.1214/aop/1015345773},
 volume = {29},
 year = {2001}
}
