@article{brzezniak:97:on,
  author        = {Brze\'{z}niak, Zdzis{\l}aw},
  doi           = {10.1080/17442509708834122},
  fjournal      = {Stochastics and Stochastics Reports},
  issn          = {1045-1129},
  journal       = {Stochastics Stochastics Rep.},
  mrclass       = {35R60 (47D07 60H15)},
  mrnumber      = {1488138},
  number        = {3-4},
  pages         = {245--295},
  title         = {On stochastic convolution in {B}anach spaces and applications},
  url           = {https://doi.org/10.1080/17442509708834122},
  volume        = {61},
  year          = {1997}
}
