@article{brzezniak.peszat.ea:01:continuity,
 author = {Brze\'{z}niak, Zdzis\l aw and Peszat, Szymon and Zabczyk, Jerzy},
 doi = {10.1023/A:1013752526625},
 fjournal = {Czechoslovak Mathematical Journal},
 issn = {0011-4642},
 journal = {Czechoslovak Math. J.},
 mrclass = {60H05 (60G15)},
 mrnumber = {1864035},
 mrreviewer = {Anne Estrade},
 number = {4},
 pages = {679--684},
 title = {Continuity of stochastic convolutions},
 url = {https://doi.org/10.1023/A:1013752526625},
 volume = {51(126)},
 year = {2001}
}
