@article{buckwar.luchko:98:invariance,
 author = {Buckwar, Evelyn and Luchko, Yuri},
 doi = {10.1006/jmaa.1998.6078},
 fjournal = {Journal of Mathematical Analysis and Applications},
 issn = {0022-247X},
 journal = {J. Math. Anal. Appl.},
 mrclass = {35A30},
 mrnumber = {1652906},
 number = {1},
 pages = {81--97},
 title = {Invariance of a partial differential equation of
fractional order under the {L}ie group of scaling
transformations},
 url = {https://doi.org/10.1006/jmaa.1998.6078},
 volume = {227},
 year = {1998}
}
