@article{buckdahn.nualart:94:linear,
 author = {Buckdahn, R. and Nualart, D.},
 doi = {10.1007/BF01206230},
 fjournal = {Probability Theory and Related Fields},
 issn = {0178-8051},
 journal = {Probab. Theory Related Fields},
 mrclass = {60H10 (46N30 60H07)},
 mrnumber = {1288068},
 mrreviewer = {Jan Ub\o e},
 number = {4},
 pages = {501--526},
 title = {Linear stochastic differential equations and {W}ick
products},
 url = {https://doi.org/10.1007/BF01206230},
 volume = {99},
 year = {1994}
}
