@article{budd.galaktionov:98:stability,
  author        = {Budd, Chris and Galaktionov, Victor},
  doi           = {10.1098/rspa.1998.0263},
  fjournal      = {The Royal Society of London. Proceedings. Series A. Mathematical, Physical and Engineering Sciences},
  issn          = {1364-5021},
  journal       = {R. Soc. Lond. Proc. Ser. A Math. Phys. Eng. Sci.},
  mrclass       = {35K57 (35B40 35K65 76R99)},
  mrnumber      = {1653356},
  mrreviewer    = {Yvan Martel},
  number        = {1977},
  pages         = {2371--2407},
  title         = {Stability and spectra of blow-up in problems with quasi-linear gradient diffusivity},
  url           = {https://doi.org/10.1098/rspa.1998.0263},
  volume        = {454},
  year          = {1998}
}
