@article{budd.huang.ea:96:moving,
 author = {Budd, Chris J. and Huang, Weizhang and Russell, Robert
D.},
 doi = {10.1137/S1064827594272025},
 fjournal = {SIAM Journal on Scientific Computing},
 issn = {1064-8275},
 journal = {SIAM J. Sci. Comput.},
 mrclass = {65M50 (35K55 65M20)},
 mrnumber = {1374282},
 number = {2},
 pages = {305--327},
 title = {Moving mesh methods for problems with blow-up},
 url = {https://doi.org/10.1137/S1064827594272025},
 volume = {17},
 year = {1996}
}
