@article{bufetov:18:quasi-symmetries,
 author = {Bufetov, Alexander I.},
 doi = {10.1214/17-AOP1198},
 fjournal = {The Annals of Probability},
 issn = {0091-1798},
 journal = {Ann. Probab.},
 mrclass = {60G55 (22E66 33C10 60B10 60B15)},
 mrnumber = {3773378},
 number = {2},
 pages = {956--1003},
 title = {Quasi-symmetries of determinantal point processes},
 url = {https://doi.org/10.1214/17-AOP1198},
 volume = {46},
 year = {2018}
}
