@incollection{burda.jurkiewicz:11:heavy-tailed,
 author = {Burda, Z. and Jurkiewicz, J.},
 booktitle = {The {O}xford handbook of random matrix theory},
 mrclass = {60B20 (46L54 60E07)},
 mrnumber = {2932633},
 mrreviewer = {Florent Benaych-Georges},
 pages = {270--289},
 publisher = {Oxford Univ. Press, Oxford},
 title = {Heavy-tailed random matrices},
 year = {2011}
}
