@incollection{burdzy:93:some,
 author = {Burdzy, Krzysztof},
 booktitle = {Seminar on {S}tochastic {P}rocesses, 1992 ({S}eattle, {WA}, 1992)},
 doi = {10.1007/978-1-4612-0339-1\_3},
 mrclass = {60J65},
 mrnumber = {1278077},
 mrreviewer = {Steven N. Evans},
 pages = {67--87},
 publisher = {Birkh\"{a}user Boston, Boston, MA},
 series = {Progr. Probab.},
 title = {Some path properties of iterated {B}rownian motion},
 url = {https://doi.org/10.1007/978-1-4612-0339-1_3},
 volume = {33},
 year = {1993}
}
