@article{burdzy.nualart:02:brownian,
 author = {Burdzy, Krzysztof and Nualart, David},
 doi = {10.1007/s004400100165},
 fjournal = {Probability Theory and Related Fields},
 issn = {0178-8051},
 journal = {Probab. Theory Related Fields},
 mrclass = {60J65 (35K05 60J55)},
 mrnumber = {1902187},
 mrreviewer = {Robert J. Adler},
 number = {4},
 pages = {471--493},
 title = {Brownian motion reflected on {B}rownian motion},
 url = {https://doi.org/10.1007/s004400100165},
 volume = {122},
 year = {2002}
}
