@article{burgeuin.kashin:12:uniform,
  author        = {Burgeu{i}n, Zh. and Kashin, B. S.},
  doi           = {10.1070/SM2012v203n12ABEH004285},
  fjournal      = {Matematicheskiu{i} Sbornik},
  issn          = {0368-8666,2305-2783},
  journal       = {Mat. Sb.},
  mrclass       = {41A25 (41A46)},
  mrnumber      = {3060069},
  mrreviewer    = {F.\ M\'{o}ricz},
  number        = {12},
  pages         = {57--80},
  title         = {Uniform approximation of a partial sum by a shorter sum and {$\Phi$}-widths},
  url           = {https://doi.org/10.1070/SM2012v203n12ABEH004285},
  volume        = {203},
  year          = {2012}
}
