@book{burgers:74:nonlinear,
  author        = {Burgers, Johannes Martinus},
  doi           = {10.1007/978-94-010-1745-9},
  isbn          = {978-90-277-0494-8},
  note          = {asymptotic solutions and statistical problems},
  pages         = {x+174},
  publisher     = {Springer Science+Business Media Dordrecht},
  title         = {The nonlinear diffusion equation},
  url           = {https://doi.org/10.1007/978-94-010-1745-9},
  year          = {1974}
}
