@inproceedings{burgard.moors.ea:00:collaborative,
  author        = {Wolfram Burgard and Mark Moors and Dieter Fox and Reid G. Simmons and Sebastian Thrun},
  booktitle     = {{ICRA}},
  pages         = {476--481},
  publisher     = {{IEEE}},
  title         = {Collaborative Multi-Robot Exploration},
  year          = {2000}
}
