@article{burkholder:66:martingale,
 author = {Burkholder, D. L.},
 doi = {10.1214/aoms/1177699141},
 fjournal = {Annals of Mathematical Statistics},
 issn = {0003-4851},
 journal = {Ann. Math. Statist.},
 mrclass = {60.40},
 mrnumber = {208647},
 mrreviewer = {K. Krickeberg},
 pages = {1494--1504},
 title = {Martingale transforms},
 url = {https://doi.org/10.1214/aoms/1177699141},
 volume = {37},
 year = {1966}
}
