@book{busemann:55:geometry,
  author        = {Busemann, Herbert},
  mrclass       = {53.0X},
  mrnumber      = {75623},
  mrreviewer    = {L. W. Green},
  pages         = {x+422},
  publisher     = {Academic Press, Inc., New York},
  title         = {The geometry of geodesics},
  year          = {1955}
}
