@article{busnello.flandoli.ea:05:probabilistic,
 author = {Busnello, Barbara and Flandoli, Franco and Romito, Marco},
 doi = {10.1017/S0013091503000506},
 fjournal = {Proceedings of the Edinburgh Mathematical Society. Series
II},
 issn = {0013-0915,1464-3839},
 journal = {Proc. Edinb. Math. Soc. (2)},
 mrclass = {35Q30 (35R60 60H10 60H30 60J45 76D05 76M35)},
 mrnumber = {2157249},
 mrreviewer = {Azzouz\ Dermoune},
 number = {2},
 pages = {295--336},
 title = {A probabilistic representation for the vorticity of a
three-dimensional viscous fluid and for general systems of
parabolic equations},
 url = {https://doi.org/10.1017/S0013091503000506},
 volume = {48},
 year = {2005}
}
