@article{buzzi.zambotti:12:mean,
  author        = {Buzzi, J. and Zambotti, L.},
  doi           = {10.1214/11-AIHP416},
  fjournal      = {Annales de l'Institut Henri Poincar\'{e} Probabilit\'{e}s et Statistiques},
  issn          = {0246-0203,1778-7017},
  journal       = {Ann. Inst. Henri Poincar\'{e} Probab. Stat.},
  mrclass       = {94A17 (60C05 60G60 92B20)},
  mrnumber      = {2954258},
  mrreviewer    = {Christian\ Lavault},
  number        = {2},
  pages         = {343--367},
  title         = {Mean mutual information and symmetry breaking for finite random fields},
  url           = {https://doi.org/10.1214/11-AIHP416},
  volume        = {48},
  year          = {2012}
}
