@article{caballero.banks.ea:22:defense,
  author        = {Caballero, William N and Banks, David and Wu, Keru},
  journal       = {Naval Research Logistics (NRL)},
  number        = {7},
  pages         = {1009--1026},
  publisher     = {Wiley Online Library},
  title         = {Defense and security planning under resource uncertainty and multi-period commitments},
  volume        = {69},
  year          = {2022}
}
