@incollection{caballero.fernandez.ea:97:composition,
  author        = {Caballero, Mar\'{i}a Emilia and Fern\'{a}ndez, Bego\~{n}a and Nualart, David},
  booktitle     = {Stochastic differential and difference equations ({G}y\H{o}r, 1996)},
  mrclass       = {60H10 (28C20 60B05)},
  mrnumber      = {1636824},
  mrreviewer    = {Vigirdas Mackevi\v{c}ius},
  pages         = {21--33},
  publisher     = {Birkh\"{a}user Boston, Boston, MA},
  series        = {Progr. Systems Control Theory},
  title         = {Composition of skeletons and support theorems},
  volume        = {23},
  year          = {1997}
}
