@article{cafasso.claeys:22:riemann-hilbert,
 author = {Cafasso, Mattia and Claeys, Tom},
 doi = {10.1002/cpa.21978},
 fjournal = {Communications on Pure and Applied Mathematics},
 issn = {0010-3640},
 journal = {Comm. Pure Appl. Math.},
 mrclass = {60B20 (60F10 60G55)},
 mrnumber = {4373176},
 number = {3},
 pages = {493--540},
 title = {A {R}iemann-{H}ilbert approach to the lower tail of the
{K}ardar-{P}arisi-{Z}hang equation},
 url = {https://doi.org/10.1002/cpa.21978},
 volume = {75},
 year = {2022}
}
