@article{calderon.spitzer.ea:59:inversion,
 author = {Calder\'{o}n, Alberto and Spitzer, Frank and Widom,
Harold},
 fjournal = {Illinois Journal of Mathematics},
 issn = {0019-2082},
 journal = {Illinois J. Math.},
 mrclass = {46.00 (42.00)},
 mrnumber = {121652},
 mrreviewer = {P.\ Hartman},
 pages = {490--498},
 title = {Inversion of {T}oeplitz matrices},
 url = {http://projecteuclid.org/euclid.ijm/1255455456},
 volume = {3},
 year = {1959}
}
