@article{calvez.corrias:08:parabolic-parabolic,
 author = {Calvez, Vincent and Corrias, Lucilla},
 fjournal = {Communications in Mathematical Sciences},
 issn = {1539-6746},
 journal = {Commun. Math. Sci.},
 mrclass = {35Q80 (35B60 35K45 92B05 92E20)},
 mrnumber = {2433703},
 number = {2},
 pages = {417--447},
 title = {The parabolic-parabolic {K}eller-{S}egel model in {$\Bbb
R^2$}},
 url = {http://projecteuclid.org/euclid.cms/1214949930},
 volume = {6},
 year = {2008}
}
