@article{cambanis.hardin.ea:87:ergodic,
  author        = {Cambanis, Stamatis and Hardin, Jr., Clyde D. and Weron, Aleksander},
  doi           = {10.1016/0304-4149(87)90024-X},
  fjournal      = {Stochastic Processes and their Applications},
  issn          = {0304-4149},
  journal       = {Stochastic Process. Appl.},
  mrclass       = {60E07 (28D10 47B99 60G10)},
  mrnumber      = {883599},
  mrreviewer    = {Yutaka Kato},
  number        = {1},
  pages         = {1--18},
  title         = {Ergodic properties of stationary stable processes},
  url           = {https://doi.org/10.1016/0304-4149(87)90024-X},
  volume        = {24},
  year          = {1987}
}
