@article{cambanis.podgorski.ea:95:chaotic,
  author        = {Cambanis, S. and Podg\'{o}rski, K. and Weron, A.},
  fjournal      = {Studia Mathematica},
  issn          = {0039-3223},
  journal       = {Studia Math.},
  mrclass       = {60G10 (28D10 60E07 60G57)},
  mrnumber      = {1347436},
  mrreviewer    = {Tomasz J. Kozubowski},
  number        = {2},
  pages         = {109--127},
  title         = {Chaotic behavior of infinitely divisible processes},
  volume        = {115},
  year          = {1995}
}
