@book{camerer:11:behavioral,
 author = {Camerer, Colin F},
 publisher = {Princeton University Press},
 title = {Behavioral game theory: Experiments in strategic
interaction},
 year = {2011}
}
