@article{candil.chen.ea:24:parabolic,
  author        = {Candil, David and Chen, Le and Lee, Cheuk Yin},
  doi           = {10.1007/s40072-023-00310-z},
  fjournal      = {Stochastic Partial Differential Equations. Analysis and Computations},
  issn          = {2194-0401},
  journal       = {Stoch. Partial Differ. Equ. Anal. Comput.},
  mrclass       = {60H15 (35K20 35R60)},
  mrnumber      = {4781791},
  number        = {3},
  pages         = {1507--1573},
  title         = {Parabolic stochastic {PDE}s on bounded domains with rough initial conditions: moment and correlation bounds},
  url           = {https://doi.org/10.1007/s40072-023-00310-z},
  volume        = {12},
  year          = {2024}
}
