@article{candil.chen.ea:23:parabolic,
  author        = {David Candil and Le Chen and Cheuk Yin Lee},
  journal       = {preprint arXiv:2301.06435, to appear in Stoch. Partial Differ. Equ. Anal. Comput.},
  month         = {January},
  title         = {Parabolic stochastic PDEs on bounded domains with rough initial conditions: moment and correlation bounds},
  url           = {http://arXiv.org/abs/2301.06435},
  year          = {2023}
}
