@article{cannizzaro.chouk:18:multidimensional,
  author        = {Cannizzaro, Giuseppe and Chouk, Khalil},
  doi           = {10.1214/17-AOP1213},
  fjournal      = {The Annals of Probability},
  issn          = {0091-1798},
  journal       = {Ann. Probab.},
  mrclass       = {60J60 (60H15 60K35)},
  mrnumber      = {3785598},
  number        = {3},
  pages         = {1710--1763},
  title         = {Multidimensional {SDE}s with singular drift and universal construction of the polymer measure with white noise potential},
  url           = {https://doi.org/10.1214/17-AOP1213},
  volume        = {46},
  year          = {2018}
}
