@article{cao.shen:17:spreading,
  author        = {Cao, Feng and Shen, Wenxian},
  doi           = {10.3934/dcds.2017202},
  fjournal      = {Discrete and Continuous Dynamical Systems. Series A},
  issn          = {1078-0947,1553-5231},
  journal       = {Discrete Contin. Dyn. Syst.},
  mrclass       = {35Q53 (34A33 35C07)},
  mrnumber      = {3661816},
  mrreviewer    = {Wei-Jie\ Sheng},
  number        = {9},
  pages         = {4697--4727},
  title         = {Spreading speeds and transition fronts of lattice {KPP} equations in time heterogeneous media},
  url           = {https://doi.org/10.3934/dcds.2017202},
  volume        = {37},
  year          = {2017}
}
