@article{capasso.fortunato:80:stability,
  author        = {Capasso, Vincenzo and Fortunato, Donato},
  doi           = {10.1137/0139005},
  fjournal      = {SIAM Journal on Applied Mathematics},
  issn          = {0036-1399},
  journal       = {SIAM J. Appl. Math.},
  mrclass       = {35K55 (92A15)},
  mrnumber      = {585827},
  mrreviewer    = {Joel Smoller},
  number        = {1},
  pages         = {37--47},
  title         = {Stability results for semilinear evolution equations and their application to some reaction-diffusion problems},
  url           = {https://doi.org/10.1137/0139005},
  volume        = {39},
  year          = {1980}
}
