@article{capasso.flandoli:16:on,
  author        = {Capasso, Vincenzo and Flandoli, Franco},
  doi           = {10.2140/memocs.2016.4.373},
  fjournal      = {Mathematics and Mechanics of Complex Systems},
  issn          = {2326-7186,2325-3444},
  journal       = {Math. Mech. Complex Syst.},
  mrclass       = {28A75 (47B80 52A22 53C65 60D05 60H25)},
  mrnumber      = {3608284},
  number        = {3-4},
  pages         = {373--406},
  title         = {On stochastic distributions and currents},
  url           = {https://doi.org/10.2140/memocs.2016.4.373},
  volume        = {4},
  year          = {2016}
}
