@article{capinski.peszat:97:local,
 author = {Capi\'{n}ski, Marek and Peszat, Szymon},
 doi = {10.1007/PL00001415},
 fjournal = {NoDEA. Nonlinear Differential Equations and Applications},
 issn = {1021-9722,1420-9004},
 journal = {NoDEA Nonlinear Differential Equations Appl.},
 mrclass = {60H15 (35Q30 35R60 76D05 76M35)},
 mrnumber = {1446215},
 mrreviewer = {Wilfried\ Grecksch},
 number = {2},
 pages = {185--200},
 title = {Local existence and uniqueness of strong solutions to {$3$}-{D} stochastic {N}avier-{S}tokes equations},
 url = {https://doi.org/10.1007/PL00001415},
 volume = {4},
 year = {1997}
}
