@article{capitaine.peche:16:fluctuations,
 author = {Capitaine, Mireille and P\'ech\'e, Sandrine},
 doi = {10.1007/s00440-015-0628-6},
 fjournal = {Probability Theory and Related Fields},
 issn = {0178-8051,1432-2064},
 journal = {Probab. Theory Related Fields},
 mrclass = {15B52 (15A18 46L54 60B20 60F05)},
 mrnumber = {3500269},
 number = {1-2},
 pages = {117--161},
 title = {Fluctuations at the edges of the spectrum of the full rank deformed {GUE}},
 url = {https://doi.org/10.1007/s00440-015-0628-6},
 volume = {165},
 year = {2016}
}
