@article{caputo.carcione.ea:11:wave,
 author = {Michele Caputo and Jos\'{e} M. Carcione and Fabio
Cavallini},
 doi = {https://doi.org/10.1016/j.ultrasmedbio.2011.03.009},
 issn = {0301-5629},
 journal = {Ultrasound in Medicine \& Biology},
 number = {6},
 pages = {996--1004},
 title = {Wave Simulation in Biologic Media Based on the
Kelvin-Voigt Fractional-Derivative Stress-Strain Relation},
 url = {https://www.sciencedirect.com/science/article/pii/S0301562911001578},
 volume = {37},
 year = {2011}
}
