@article{caravenna.sun.ea:16:continuum,
 author = {Caravenna, Francesco and Sun, Rongfeng and Zygouras,
Nikos},
 doi = {10.1007/s00440-014-0606-4},
 fjournal = {Probability Theory and Related Fields},
 issn = {0178-8051},
 journal = {Probab. Theory Related Fields},
 mrclass = {82B44 (60K05 60K35 82D60)},
 mrnumber = {3449385},
 number = {1-2},
 pages = {17--59},
 title = {The continuum disordered pinning model},
 url = {https://doi.org/10.1007/s00440-014-0606-4},
 volume = {164},
 year = {2016}
}
