@article{caravenna.sun.ea:21:critical,
 author = {Francesco Caravenna and Rongfeng Sun and Nikos Zygouras},
 journal = {preprint arXiv:2109.03766},
 month = {September},
 title = {The Critical 2d Stochastic Heat Flow},
 url = {http://arXiv.org/abs/2109.03766},
 year = {2021}
}
