@article{caravenna:08:polymer,
  author        = {Caravenna, Francesco},
  fjournal      = {Bollettino della Unione Matematica Italiana. Serie 9},
  issn          = {1972-6724},
  journal       = {Boll. Unione Mat. Ital. (9)},
  mrclass       = {82D60 (60K40 82-02 82B41)},
  mrnumber      = {2455331},
  number        = {3},
  pages         = {559--571},
  title         = {Polymer models and random walks},
  volume        = {1},
  year          = {2008}
}
