@article{caravenna:05:local,
  author        = {Caravenna, Francesco},
  doi           = {10.1007/s00440-005-0444-5},
  fjournal      = {Probability Theory and Related Fields},
  issn          = {0178-8051},
  journal       = {Probab. Theory Related Fields},
  mrclass       = {60G50 (60F05 60K05)},
  mrnumber      = {2197112},
  mrreviewer    = {No\"{e}l Veraverbeke},
  number        = {4},
  pages         = {508--530},
  title         = {A local limit theorem for random walks conditioned to stay positive},
  url           = {https://doi.org/10.1007/s00440-005-0444-5},
  volume        = {133},
  year          = {2005}
}
