@article{caravenna.hollander.ea:16:annealed,
 author = {Caravenna, F. and den Hollander, F. and P\'{e}tr\'{e}lis, N. and Poisat, J.},
 doi = {10.1007/s11040-016-9205-1},
 fjournal = {Mathematical Physics, Analysis and Geometry. An International Journal Devoted to the Theory and Applications of Analysis and Geometry to Physics},
 issn = {1385-0172},
 journal = {Math. Phys. Anal. Geom.},
 mrclass = {60K37 (60F10 82B26 82B41 82B44 82D60)},
 mrnumber = {3457005},
 mrreviewer = {Francis Comets},
 number = {1},
 pages = {Art. 2, 87},
 title = {Annealed scaling for a charged polymer},
 url = {https://doi.org/10.1007/s11040-016-9205-1},
 volume = {19},
 year = {2016}
}
