@article{caravenna.garavaglia.ea:19:diameter,
 author = {Caravenna, Francesco and Garavaglia, Alessandro and van
der Hofstad, Remco},
 doi = {10.1002/rsa.20798},
 fjournal = {Random Structures \& Algorithms},
 issn = {1042-9832},
 journal = {Random Structures Algorithms},
 mrclass = {05C80 (05C12)},
 mrnumber = {3938775},
 mrreviewer = {Pietro Poggi-Corradini},
 number = {3},
 pages = {444--498},
 title = {Diameter in ultra-small scale-free random graphs},
 url = {https://doi.org/10.1002/rsa.20798},
 volume = {54},
 year = {2019}
}
