@incollection{cardy:90:conformal,
  author        = {Cardy, John L.},
  booktitle     = {Champs, cordes et ph\'{e}nom\`enes critiques ({L}es {H}ouches, 1988)},
  mrclass       = {81-02 (81T27 81T40 82B20 82B23)},
  mrnumber      = {1052933},
  mrreviewer    = {Tetsuo Deguchi},
  pages         = {169--245},
  publisher     = {North-Holland, Amsterdam},
  title         = {Conformal invariance and statistical mechanics},
  year          = {1990}
}
