@article{carlitz:61:note,
 author = {Carlitz, L.},
 doi = {10.2307/2034394},
 fjournal = {Proceedings of the American Mathematical Society},
 issn = {0002-9939},
 journal = {Proc. Amer. Math. Soc.},
 mrclass = {42.00},
 mrnumber = {132955},
 mrreviewer = {A. E. Danese},
 pages = {932--935},
 title = {Note on {L}ebesgue's constants},
 url = {https://doi.org/10.2307/2034394},
 volume = {12},
 year = {1961}
}
