@incollection{carlson:10:elliptic,
 author = {Carlson, B. C.},
 booktitle = {N{IST} handbook of mathematical functions},
 mrclass = {33C75 (33E05)},
 mrnumber = {2655359},
 pages = {485--522},
 publisher = {U.S. Dept. Commerce, Washington, DC},
 title = {Elliptic integrals},
 year = {2010}
}
