@article{carmona.nualart:92:traces,
  author        = {Carmona, Ren\'{e} A. and Nualart, David},
  doi           = {10.1016/0022-1236(92)90116-Z},
  fjournal      = {Journal of Functional Analysis},
  issn          = {0022-1236},
  journal       = {J. Funct. Anal.},
  mrclass       = {60H07},
  mrnumber      = {1172033},
  mrreviewer    = {L. A. Shepp},
  number        = {2},
  pages         = {402--438},
  title         = {Traces of random variables on {W}iener space and the {O}nsager-{M}achlup functional},
  url           = {https://doi.org/10.1016/0022-1236(92)90116-Z},
  volume        = {107},
  year          = {1992}
}
