@article{carmona.molchanov:95:stationary,
  author        = {Carmona, R. A. and Molchanov, S. A.},
  doi           = {10.1007/BF01198845},
  fjournal      = {Probability Theory and Related Fields},
  issn          = {0178-8051},
  journal       = {Probab. Theory Related Fields},
  mrclass       = {60H25},
  mrnumber      = {1346261},
  mrreviewer    = {Stanis\l aw W\polhk edrychowicz},
  number        = {4},
  pages         = {433--453},
  title         = {Stationary parabolic {A}nderson model and intermittency},
  url           = {https://doi.org/10.1007/BF01198845},
  volume        = {102},
  year          = {1995}
}
