@book{carmona.rozovskii:99:stochastic,
 author = {Carmona, Rene A. and Rozovskii, Boris},
 doi = {10.1090/surv/064},
 isbn = {0-8218-0806-0},
 mrclass = {60-06 (35-06 35R60 60H15)},
 mrnumber = {1661761},
 pages = {xii+334},
 publisher = {American Mathematical Society, Providence, RI},
 series = {Mathematical Surveys and Monographs},
 title = {Stochastic partial differential equations: six
perspectives},
 url = {https://doi.org/10.1090/surv/064},
 volume = {64},
 year = {1999}
}
