@article{carmona.nualart:88:random*2,
 author = {Carmona, Ren\'{e} and Nualart, David},
 doi = {10.1007/BF00318783},
 fjournal = {Probability Theory and Related Fields},
 issn = {0178-8051},
 journal = {Probab. Theory Related Fields},
 mrclass = {60H15 (35L70 35R60 60H07)},
 mrnumber = {966173},
 mrreviewer = {M. Zakai},
 number = {4},
 pages = {469--508},
 title = {Random nonlinear wave equations: smoothness of the solutions},
 url = {https://doi.org/10.1007/BF00318783},
 volume = {79},
 year = {1988}
}
