@article{carmona:82:exponential,
 author = {Carmona, Ren\'{e}},
 fjournal = {Duke Mathematical Journal},
 issn = {0012-7094},
 journal = {Duke Math. J.},
 mrclass = {82A57 (34B25 58F30 60H99 82A42)},
 mrnumber = {650377},
 number = {1},
 pages = {191--213},
 title = {Exponential localization in one-dimensional disordered systems},
 url = {http://projecteuclid.org/euclid.dmj/1077315080},
 volume = {49},
 year = {1982}
}
