@article{carmona.hu:02:on,
 author = {Carmona, Philippe and Hu, Yueyun},
 doi = {10.1007/s004400200213},
 fjournal = {Probability Theory and Related Fields},
 issn = {0178-8051},
 journal = {Probab. Theory Related Fields},
 mrclass = {60K37 (82D30)},
 mrnumber = {1939654},
 mrreviewer = {Ofer Zeitouni},
 number = {3},
 pages = {431--457},
 title = {On the partition function of a directed polymer in a
{G}aussian random environment},
 url = {https://doi.org/10.1007/s004400200213},
 volume = {124},
 year = {2002}
}
