@article{carmona.nualart:88:random,
 author = {Carmona, Ren\'{e} and Nualart, David},
 fjournal = {The Annals of Probability},
 issn = {0091-1798},
 journal = {Ann. Probab.},
 mrclass = {60H15 (35L05 35R60)},
 mrnumber = {929075},
 number = {2},
 pages = {730--751},
 title = {Random nonlinear wave equations: propagation of singularities},
 url = {http://links.jstor.org/sici?sici=0091-1798(198804)16:2<730:RNWEPO>2.0.CO;2-D&origin=MSN},
 volume = {16},
 year = {1988}
}
