@article{carrillo.huang.ea:15:exponential,
  author        = {Carrillo, J. A. and Huang, Y. and Santos, M. C. and V\'{a}zquez, J. L.},
  doi           = {10.1016/j.jde.2014.10.003},
  fjournal      = {Journal of Differential Equations},
  issn          = {0022-0396},
  journal       = {J. Differential Equations},
  mrclass       = {35K59 (26A33 35K65 35R11 74F10 76S05)},
  mrnumber      = {3279352},
  mrreviewer    = {Kai Diethelm},
  number        = {3},
  pages         = {736--763},
  title         = {Exponential convergence towards stationary states for the 1{D} porous medium equation with fractional pressure},
  url           = {https://doi.org/10.1016/j.jde.2014.10.003},
  volume        = {258},
  year          = {2015}
}
