@article{cass.litterer.ea:13:integrability,
  author        = {Cass, Thomas and Litterer, Christian and Lyons, Terry},
  doi           = {10.1214/12-AOP821},
  fjournal      = {The Annals of Probability},
  issn          = {0091-1798},
  journal       = {Ann. Probab.},
  mrclass       = {60H10 (60G15 60G17)},
  mrnumber      = {3112937},
  mrreviewer    = {Antoine J. Lejay},
  number        = {4},
  pages         = {3026--3050},
  title         = {Integrability and tail estimates for {G}aussian rough differential equations},
  url           = {https://doi.org/10.1214/12-AOP821},
  volume        = {41},
  year          = {2013}
}
