@article{cator.pimentel:11:shape,
  author        = {Cator, Eric and Pimentel, Leandro P. R.},
  fjournal      = {ALEA. Latin American Journal of Probability and Mathematical Statistics},
  issn          = {1980-0436},
  journal       = {ALEA Lat. Am. J. Probab. Math. Stat.},
  mrclass       = {60K35 (60F99)},
  mrnumber      = {2783936},
  mrreviewer    = {B.\ M.\ Gurevich},
  pages         = {163--175},
  title         = {A shape theorem and semi-infinite geodesics for the {H}ammersley model with random weights},
  volume        = {8},
  year          = {2011}
}
