@article{cator.pimentel:12:busemann,
  author        = {Cator, Eric and Pimentel, Leandro P. R.},
  doi           = {10.1007/s00440-011-0363-6},
  fjournal      = {Probability Theory and Related Fields},
  issn          = {0178-8051,1432-2064},
  journal       = {Probab. Theory Related Fields},
  mrclass       = {60K35 (60F05)},
  mrnumber      = {2981418},
  mrreviewer    = {Pablo\ Mart\'in\ Rodr\'iguez},
  number        = {1-2},
  pages         = {89--125},
  title         = {Busemann functions and equilibrium measures in last passage percolation models},
  url           = {https://doi.org/10.1007/s00440-011-0363-6},
  volume        = {154},
  year          = {2012}
}
