@incollection{cattiaux.guillin:14:semi,
  author        = {Cattiaux, P. and Guillin, A.},
  booktitle     = {S\'{e}minaire de {P}robabilit\'{e}s {XLVI}},
  doi           = {10.1007/978-3-319-11970-0\_9},
  mrclass       = {60J60 (26D10 35K55 35R60 39B62 47D07)},
  mrnumber      = {3330820},
  mrreviewer    = {Ivan Gentil},
  pages         = {231--292},
  publisher     = {Springer, Cham},
  series        = {Lecture Notes in Math.},
  title         = {Semi log-concave {M}arkov diffusions},
  url           = {https://doi.org/10.1007/978-3-319-11970-0\_9},
  volume        = {2123},
  year          = {2014}
}
