@article{cazenave.lions:82:orbital,
  author        = {Cazenave, T. and Lions, P.-L.},
  fjournal      = {Communications in Mathematical Physics},
  issn          = {0010-3616},
  journal       = {Comm. Math. Phys.},
  mrclass       = {81C05 (35Q20 78A60 81G99)},
  mrnumber      = {677997},
  number        = {4},
  pages         = {549--561},
  title         = {Orbital stability of standing waves for some nonlinear {S}chr\"{o}dinger equations},
  url           = {http://projecteuclid.org/euclid.cmp/1103921547},
  volume        = {85},
  year          = {1982}
}
