@article{cenesiz.kurt.ea:17:stochastic,
 author = {\c{C}enesiz, Y\"{u}cel and Kurt, Ali and Nane, Erkan},
 doi = {10.1016/j.spl.2017.01.012},
 fjournal = {Statistics \& Probability Letters},
 issn = {0167-7152},
 journal = {Statist. Probab. Lett.},
 mrclass = {35R11 (26A33 35R60 60G22 60G51 60H30)},
 mrnumber = {3608222},
 pages = {126--131},
 title = {Stochastic solutions of conformable fractional {C}auchy
problems},
 url = {https://doi.org/10.1016/j.spl.2017.01.012},
 volume = {124},
 year = {2017}
}
