@article{cercle.rhodes.ea:23:probabilistic,
  author        = {Cercl\'e, Baptiste and Rhodes, R\'emi and Vargas, Vincent},
  doi           = {10.5802/ahl.158},
  fjournal      = {Annales Henri Lebesgue},
  issn          = {2644-9463},
  journal       = {Ann. H. Lebesgue},
  mrclass       = {60D05 (17B20 17B68 81T40)},
  mrnumber      = {4593603},
  mrreviewer    = {H\'el\`ene\ Airault},
  pages         = {31--64},
  title         = {Probabilistic construction of {T}oda conformal field theories},
  url           = {https://doi.org/10.5802/ahl.158},
  volume        = {6},
  year          = {2023}
}
