@incollection{cerny.klimovsky:20:markovian,
 author = {\v Cern\'y, Ji\v r\'i{} and Klimovsky, Anton},
 booktitle = {Genealogies of interacting particle systems},
 isbn = {978-981-120-608-5},
 mrclass = {60J25 (60G09)},
 mrnumber = {4448158},
 pages = {209--228},
 publisher = {World Sci. Publ., Hackensack, NJ},
 series = {Lect. Notes Ser. Inst. Math. Sci. Natl. Univ. Singap.},
 title = {Markovian dynamics of exchangeable arrays},
 volume = {38},
 year = {[2020] \copyright 2020}
}
