@article{cerrai.freidlin.ea:17:on,
 author = {Cerrai, Sandra and Freidlin, Mark and Salins, Michael},
 doi = {10.3934/dcds.2017003},
 fjournal = {Discrete and Continuous Dynamical Systems. Series A},
 issn = {1078-0947},
 journal = {Discrete Contin. Dyn. Syst.},
 mrclass = {60H15 (35B40 35K57 35K58 35L71 35R60 49J45 60F10)},
 mrnumber = {3583470},
 mrreviewer = {Chiranjib Mukherjee},
 number = {1},
 pages = {33--76},
 title = {On the {S}moluchowski-{K}ramers approximation for {SPDE}s
and its interplay with large deviations and long time
behavior},
 url = {https://doi.org/10.3934/dcds.2017003},
 volume = {37},
 year = {2017}
}
