@article{cerrai.clement:04:well-posedness,
 author = {Cerrai, Sandra and Cl\'{e}ment, Philippe},
 doi = {10.1016/j.bulsci.2004.03.004},
 fjournal = {Bulletin des Sciences Math\'{e}matiques},
 issn = {0007-4497},
 journal = {Bull. Sci. Math.},
 mrclass = {60J70 (35B30 35J70 47D07)},
 mrnumber = {2066345},
 mrreviewer = {G\"{o}tz Kersting},
 number = {5},
 pages = {355--389},
 title = {Well-posedness of the martingale problem for some
degenerate diffusion processes occurring in dynamics of
populations},
 url = {https://doi.org/10.1016/j.bulsci.2004.03.004},
 volume = {128},
 year = {2004}
}
