@article{cerrai:98:differentiability,
 author = {Cerrai, Sandra},
 fjournal = {Communications in Applied Analysis. An International Journal for Theory and Applications},
 issn = {1083-2564},
 journal = {Commun. Appl. Anal.},
 mrclass = {35R15 (35K99 35R60 47D06 60H15)},
 mrnumber = {1614630},
 mrreviewer = {Ya. \={I}. B\={i}lopol{\cprime}s{\cprime}ka},
 number = {2},
 pages = {249--270},
 title = {Differentiability with respect to initial datum for solutions of {SPDE}'s with no {F}r\'{e}chet differentiable drift term},
 volume = {2},
 year = {1998}
}
