@article{cerrai:09:normal,
  author        = {Cerrai, Sandra},
  doi           = {10.1016/j.matpur.2009.04.007},
  fjournal      = {Journal de Math\'{e}matiques Pures et Appliqu\'{e}es. Neuvi\`eme S\'{e}rie},
  issn          = {0021-7824},
  journal       = {J. Math. Pures Appl. (9)},
  mrclass       = {60H10 (35K57 35R60 70K65)},
  mrnumber      = {2531558},
  number        = {6},
  pages         = {614--647},
  title         = {Normal deviations from the averaged motion for some reaction-diffusion equations with fast oscillating perturbation},
  url           = {https://doi.org/10.1016/j.matpur.2009.04.007},
  volume        = {91},
  year          = {2009}
}
