@article{cerrai:99:ergodicity,
 author = {Cerrai, Sandra},
 fjournal = {Stochastics and Stochastics Reports},
 issn = {1045-1129},
 journal = {Stochastics Stochastics Rep.},
 mrclass = {60H15 (47D07 60J35)},
 mrnumber = {1717811},
 number = {1-2},
 pages = {17--51},
 title = {Ergodicity for stochastic reaction-diffusion systems with polynomial coefficients},
 volume = {67},
 year = {1999}
}
