@article{cerrai.freidlin:06:on,
 author = {Cerrai, Sandra and Freidlin, Mark},
 doi = {10.1007/s00440-005-0465-0},
 fjournal = {Probability Theory and Related Fields},
 issn = {0178-8051},
 journal = {Probab. Theory Related Fields},
 mrclass = {60H15 (35K20 35R60)},
 mrnumber = {2240691},
 mrreviewer = {Martin Ondrej\'{a}t},
 number = {3},
 pages = {363--394},
 title = {On the {S}moluchowski-{K}ramers approximation for a system with an infinite number of degrees of freedom},
 url = {https://doi.org/10.1007/s00440-005-0465-0},
 volume = {135},
 year = {2006}
}
