@incollection{cerrai:02:classical,
 author = {Cerrai, S.},
 booktitle = {Seminar on {S}tochastic {A}nalysis, {R}andom {F}ields and {A}pplications, {III} ({A}scona, 1999)},
 mrclass = {60H15 (34G10 35J15 35K57 47D07)},
 mrnumber = {1958809},
 mrreviewer = {B. G. Pachpatte},
 pages = {55--71},
 publisher = {Birkh\"{a}user, Basel},
 series = {Progr. Probab.},
 title = {Classical solutions for {K}olmogorov equations in {H}ilbert spaces},
 volume = {52},
 year = {2002}
}
