@article{cerrai.debussche:19:large*1,
  author        = {Cerrai, Sandra and Debussche, Arnaud},
  doi           = {10.1214/17-aihp881},
  fjournal      = {Annales de l'Institut Henri Poincar\'{e} Probabilit\'{e}s et Statistiques},
  issn          = {0246-0203},
  journal       = {Ann. Inst. Henri Poincar\'{e} Probab. Stat.},
  mrclass       = {60H15 (35Q30 35R60 60F10)},
  mrnumber      = {3901646},
  mrreviewer    = {Thomas Kelly Alberts},
  number        = {1},
  pages         = {211--236},
  title         = {Large deviations for the two-dimensional stochastic {N}avier-{S}tokes equation with vanishing noise correlation},
  url           = {https://doi.org/10.1214/17-aihp881},
  volume        = {55},
  year          = {2019}
}
