@article{cerrai:99:differentiability,
 author = {Cerrai, Sandra},
 doi = {10.1016/S0304-4149(99)00014-9},
 fjournal = {Stochastic Processes and their Applications},
 issn = {0304-4149},
 journal = {Stochastic Process. Appl.},
 mrclass = {60H15 (35K57 35R60 47D07 93E20)},
 mrnumber = {1705598},
 mrreviewer = {Krystyna Twardowska},
 number = {1},
 pages = {15--37},
 title = {Differentiability of {M}arkov semigroups for stochastic reaction-diffusion equations and applications to control},
 url = {https://doi.org/10.1016/S0304-4149(99)00014-9},
 volume = {83},
 year = {1999}
}
