@book{cerrai:01:second,
 author = {Cerrai, Sandra},
 doi = {10.1007/b80743},
 isbn = {3-540-42136-X},
 mrclass = {35R60 (35K57 47H20 47N20 60H10 60H15 60J35)},
 mrnumber = {1840644},
 mrreviewer = {Krystyna Twardowska},
 note = {A probabilistic approach},
 pages = {x+330},
 publisher = {Springer-Verlag, Berlin},
 series = {Lecture Notes in Mathematics},
 title = {Second order {PDE}'s in finite and infinite dimension},
 url = {https://doi.org/10.1007/b80743},
 volume = {1762},
 year = {2001}
}
