@incollection{cerrai:01:generalization,
 author = {Cerrai, Sandra},
 booktitle = {Evolution equations and their applications in physical and
life sciences ({B}ad {H}errenalb, 1998)},
 mrclass = {60H10 (35R60 47N30)},
 mrnumber = {1818025},
 mrreviewer = {Xue-Mei Li},
 pages = {473--482},
 publisher = {Dekker, New York},
 series = {Lecture Notes in Pure and Appl. Math.},
 title = {A generalization of the {B}ismut-{E}lworthy formula},
 volume = {215},
 year = {2001}
}
