@article{cerrai:00:analytic,
 author = {Cerrai, Sandra},
 doi = {10.1006/jdeq.2000.3788},
 fjournal = {Journal of Differential Equations},
 issn = {0022-0396},
 journal = {J. Differential Equations},
 mrclass = {47D06 (35J70 60H15)},
 mrnumber = {1779259},
 mrreviewer = {Vitali A. Liskevich},
 number = {1},
 pages = {151--174},
 title = {Analytic semigroups and degenerate elliptic operators with unbounded coefficients: a probabilistic approach},
 url = {https://doi.org/10.1006/jdeq.2000.3788},
 volume = {166},
 year = {2000}
}
