@article{cerrai:96:invariant,
 author = {Cerrai, Sandra},
 fjournal = {Dynamic Systems and Applications},
 issn = {1056-2176},
 journal = {Dynam. Systems Appl.},
 mrclass = {60H10},
 mrnumber = {1410393},
 mrreviewer = {Bohdan Maslowski},
 number = {3},
 pages = {353--370},
 title = {Invariant measures for a class of {SDE}s with drift term having polynomial growth},
 volume = {5},
 year = {1996}
}
