@article{cerrai:05:stabilization,
 author = {Cerrai, Sandra},
 doi = {10.1007/s00440-004-0421-4},
 fjournal = {Probability Theory and Related Fields},
 issn = {0178-8051},
 journal = {Probab. Theory Related Fields},
 mrclass = {60H15 (35B35 35K57 35R60)},
 mrnumber = {2198698},
 mrreviewer = {Jorge A. Le\'{o}n},
 number = {2},
 pages = {190--214},
 title = {Stabilization by noise for a class of stochastic
reaction-diffusion equations},
 url = {https://doi.org/10.1007/s00440-004-0421-4},
 volume = {133},
 year = {2005}
}
