@article{ceyhan:20:domination,
 author = {Ceyhan, Elvan},
 doi = {10.1080/02331888.2020.1720020},
 fjournal = {Statistics. A Journal of Theoretical and Applied
Statistics},
 issn = {0233-1888,1029-4910},
 journal = {Statistics},
 mrclass = {05C80 (05C20 60C05 60D05 62E20)},
 mrnumber = {4076247},
 mrreviewer = {Lyuben\ R.\ Mutafchiev},
 number = {2},
 pages = {310--339},
 title = {Domination number of an interval catch digraph family and
its use for testing uniformity},
 url = {https://doi.org/10.1080/02331888.2020.1720020},
 volume = {54},
 year = {2020}
}
