@article{ceyhan:18:contingency,
 author = {Ceyhan, Elvan},
 doi = {10.2436/20.8080.02.72},
 fjournal = {SORT. Statistics and Operations Research Transactions},
 issn = {1696-2281,2013-8830},
 journal = {SORT},
 mrclass = {62M30 (62G10 62H11 62H30 62P12)},
 mrnumber = {3895974},
 number = {2},
 pages = {125--157},
 title = {A contingency table approach based on nearest neighbour
relations for testing self and mixed correspondence},
 url = {https://doi.org/10.2436/20.8080.02.72},
 volume = {42},
 year = {2018}
}
