@article{ceyhan:16:density,
 author = {Ceyhan, Elvan},
 fjournal = {REVSTAT Statistical Journal},
 issn = {1645-6726,2183-0371},
 journal = {REVSTAT},
 mrclass = {05C80 (05C20 05C90 60C05 60D05 62E20 62F03)},
 mrnumber = {3572643},
 number = {4},
 pages = {349--394},
 title = {Density of a random interval catch digraph family and its
use for testing uniformity},
 volume = {14},
 year = {2016}
}
