@article{ceyhan.wierman.ea:21:law,
  author        = {Ceyhan, Elvan and Wierman, John C. and Xiang, Pengfei},
  doi           = {10.1051/ps/2021013},
  fjournal      = {ESAIM. Probability and Statistics},
  issn          = {1292-8100,1262-3318},
  journal       = {ESAIM Probab. Stat.},
  mrclass       = {60G99 (05C69 62H30)},
  mrnumber      = {4291368},
  pages         = {376--407},
  title         = {Law of large numbers for a two-dimensional class cover problem},
  url           = {https://doi.org/10.1051/ps/2021013},
  volume        = {25},
  year          = {2021}
}
