@article{ceyhan:14:segregation,
 author = {Ceyhan, Elvan},
 doi = {10.1002/sim.6053},
 fjournal = {Statistics in Medicine},
 issn = {0277-6715,1097-0258},
 journal = {Stat. Med.},
 mrclass = {99-01},
 mrnumber = {3246687},
 number = {10},
 pages = {1662--1684},
 title = {Segregation indices for disease clustering},
 url = {https://doi.org/10.1002/sim.6053},
 volume = {33},
 year = {2014}
}
