@article{ceyhan:12:investigation,
  author        = {Ceyhan, Elvan},
  doi           = {10.1007/s11009-010-9204-9},
  fjournal      = {Methodology and Computing in Applied Probability},
  issn          = {1387-5841,1573-7713},
  journal       = {Methodol. Comput. Appl. Probab.},
  mrclass       = {60D05 (05C80 60C05)},
  mrnumber      = {2912341},
  mrreviewer    = {Michele\ Zito},
  number        = {2},
  pages         = {299--334},
  title         = {An investigation of new graph invariants related to the domination number of random proximity catch digraphs},
  url           = {https://doi.org/10.1007/s11009-010-9204-9},
  volume        = {14},
  year          = {2012}
}
