@article{ceyhan:12:distribution,
  author        = {Ceyhan, Elvan},
  doi           = {10.1007/s00184-011-0351-y},
  fjournal      = {Metrika. International Journal for Theoretical and Applied Statistics},
  issn          = {0026-1335,1435-926X},
  journal       = {Metrika},
  mrclass       = {62H10 (05C20 05C80 60C05 62E17 62H30)},
  mrnumber      = {2956275},
  number        = {6},
  pages         = {761--793},
  title         = {The distribution of the relative arc density of a family of interval catch digraph based on uniform data},
  url           = {https://doi.org/10.1007/s00184-011-0351-y},
  volume        = {75},
  year          = {2012}
}
