@article{ceyhan:05:investigation,
  author        = {Ceyhan, Elvan},
  journal       = {PhD Thesis, Johns Hopkins University},
  publisher     = {Johns Hopkins University},
  title         = {An Investigation of Proximity Catch Digraphs in {D}elaunay Tessellations},
  year          = {2005}
}
