@article{chafai.peche:14:note,
 author = {Chafa\"i, Djalil and P\'ech\'e, Sandrine},
 doi = {10.1007/s10955-014-1007-x},
 fjournal = {Journal of Statistical Physics},
 issn = {0022-4715,1572-9613},
 journal = {J. Stat. Phys.},
 mrclass = {82B21},
 mrnumber = {3215627},
 number = {2},
 pages = {368--383},
 title = {A note on the second order universality at the edge of
{C}oulomb gases on the plane},
 url = {https://doi.org/10.1007/s10955-014-1007-x},
 volume = {156},
 year = {2014}
}
