@article{chaleyat-maurel.nualart:98:points,
 author = {Chaleyat-Maurel, Mireille and Nualart, David},
 doi = {10.1214/EJP.v3-23},
 fjournal = {Electronic Journal of Probability},
 issn = {1083-6489},
 journal = {Electron. J. Probab.},
 mrclass = {60H07},
 mrnumber = {1487202},
 mrreviewer = {Shi Zan Fang},
 pages = {No. 1, 8},
 title = {Points of positive density for smooth functionals},
 url = {https://doi.org/10.1214/EJP.v3-23},
 volume = {3},
 year = {1998}
}
