@incollection{chang.krantz.ea:92:hardy,
 author = {Chang, Der-Chen and Krantz, Steven G. and Stein, Elias
M.},
 booktitle = {The {M}adison {S}ymposium on {C}omplex {A}nalysis
({M}adison, {WI}, 1991)},
 doi = {10.1090/conm/137/1190976},
 mrclass = {42B30 (35J25)},
 mrnumber = {1190976},
 pages = {119--131},
 publisher = {Amer. Math. Soc., Providence, RI},
 series = {Contemp. Math.},
 title = {Hardy spaces and elliptic boundary value problems},
 url = {https://doi.org/10.1090/conm/137/1190976},
 volume = {137},
 year = {1992}
}
