@article{chang.yang:88:conformal,
 author = {Chang, Sun-Yung A. and Yang, Paul C.},
 fjournal = {Journal of Differential Geometry},
 issn = {0022-040X},
 journal = {J. Differential Geom.},
 mrclass = {53C20 (58G30)},
 mrnumber = {925123},
 mrreviewer = {John M. Lee},
 number = {2},
 pages = {259--296},
 title = {Conformal deformation of metrics on {$S^2$}},
 url = {http://projecteuclid.org/euclid.jdg/1214441783},
 volume = {27},
 year = {1988}
}
