@article{chang.yang:87:prescribing,
 author = {Chang, Sun-Yung Alice and Yang, Paul C.},
 doi = {10.1007/BF02392560},
 fjournal = {Acta Mathematica},
 issn = {0001-5962},
 journal = {Acta Math.},
 mrclass = {35J60 (53A05 58E11 58G30)},
 mrnumber = {908146},
 mrreviewer = {John Urbas},
 number = {3-4},
 pages = {215--259},
 title = {Prescribing {G}aussian curvature on {$S^2$}},
 url = {https://doi.org/10.1007/BF02392560},
 volume = {159},
 year = {1987}
}
