@article{chatterjee:14:invariant,
  author        = {Chatterjee, Sourav},
  doi           = {10.1002/cpa.21501},
  fjournal      = {Communications on Pure and Applied Mathematics},
  issn          = {0010-3640},
  journal       = {Comm. Pure Appl. Math.},
  mrclass       = {35Q55 (35C08 60F10)},
  mrnumber      = {3263670},
  mrreviewer    = {Dmitry E. Pelinovsky},
  number        = {11},
  pages         = {1737--1842},
  title         = {Invariant measures and the soliton resolution conjecture},
  url           = {https://doi.org/10.1002/cpa.21501},
  volume        = {67},
  year          = {2014}
}
