@article{chatterjee:13:universal,
  author        = {Chatterjee, Sourav},
  doi           = {10.4007/annals.2013.177.2.7},
  fjournal      = {Annals of Mathematics. Second Series},
  issn          = {0003-486X},
  journal       = {Ann. of Math. (2)},
  mrclass       = {60K35 (82B43)},
  mrnumber      = {3010809},
  mrreviewer    = {Enrico Scalas},
  number        = {2},
  pages         = {663--697},
  title         = {The universal relation between scaling exponents in first-passage percolation},
  url           = {https://doi.org/10.4007/annals.2013.177.2.7},
  volume        = {177},
  year          = {2013}
}
