@article{chavanis:10:stochastic,
 author = {Chavanis, Pierre-Henri},
 doi = {10.1016/j.cnsns.2008.09.002},
 fjournal = {Communications in Nonlinear Science and Numerical
Simulation},
 issn = {1007-5704},
 journal = {Commun. Nonlinear Sci. Numer. Simul.},
 mrclass = {92C17 (35R60 60G35)},
 mrnumber = {2567057},
 number = {1},
 pages = {60--70},
 title = {A stochastic {K}eller-{S}egel model of chemotaxis},
 url = {https://doi.org/10.1016/j.cnsns.2008.09.002},
 volume = {15},
 year = {2010}
}
