@article{chekroun.liu.ea:23:transitions*1,
 author = {Chekroun, Micka\"{e}l D. and Liu, Honghu and McWilliams, James C. and Wang, Shouhong},
 doi = {10.1016/j.jde.2022.11.025},
 fjournal = {Journal of Differential Equations},
 issn = {0022-0396,1090-2732},
 journal = {J. Differential Equations},
 mrclass = {35R60},
 mrnumber = {4513840},
 mrreviewer = {Le\ Chen},
 pages = {145--204},
 title = {Transitions in stochastic non-equilibrium systems: efficient reduction and analysis},
 url = {https://doi.org/10.1016/j.jde.2022.11.025},
 volume = {346},
 year = {2023}
}
