@article{chelkak.smirnov:11:discrete,
  author        = {Chelkak, Dmitry and Smirnov, Stanislav},
  doi           = {10.1016/j.aim.2011.06.025},
  fjournal      = {Advances in Mathematics},
  issn          = {0001-8708,1090-2082},
  journal       = {Adv. Math.},
  mrclass       = {60G50 (31C20 39A45 52C20 60J67)},
  mrnumber      = {2824564},
  mrreviewer    = {Ben\ Dyhr},
  number        = {3},
  pages         = {1590--1630},
  title         = {Discrete complex analysis on isoradial graphs},
  url           = {https://doi.org/10.1016/j.aim.2011.06.025},
  volume        = {228},
  year          = {2011}
}
