@article{chemin:95:fluides,
 author = {Chemin, Jean-Yves},
 fjournal = {Ast\'{e}risque},
 issn = {0303-1179},
 journal = {Ast\'{e}risque},
 mrclass = {76C05 (35-02 35Q35 76-02)},
 mrnumber = {1340046},
 mrreviewer = {Denis Serre},
 number = {230},
 pages = {177},
 title = {Fluides parfaits incompressibles},
 year = {1995}
}
