@article{chen.eriksen.ea:95:largest,
  author        = {Chen, Yang and Eriksen, Kasper J. and Tracy, Craig A.},
  fjournal      = {Journal of Physics. A. Mathematical and General},
  issn          = {0305-4470},
  journal       = {J. Phys. A},
  mrclass       = {81T27 (81T40)},
  mrnumber      = {1336493},
  number        = {7},
  pages         = {L207--L211},
  title         = {Largest eigenvalue distribution in the double scaling limit of matrix models: a {C}oulomb fluid approach},
  url           = {http://stacks.iop.org/0305-4470/28/L207},
  volume        = {28},
  year          = {1995}
}
