@article{chen:91:moderate,
 author = {Chen, Xia},
 fjournal = {Chinese Journal of Applied Probability and Statistics.
Yingyong Gail\"{u} Tongji},
 journal = {Chinese J. Appl. Probab. Statist.},
 mrclass = {60B12 (60F10)},
 mrnumber = {1204537},
 number = {1},
 pages = {24--32},
 title = {Moderate deviations of independent random vectors in a
{B}anach space},
 volume = {7},
 year = {1991}
}
