@article{chen.zhang:11:stochastic,
 author = {Chen, Zhen-Qing and Zhang, Tusheng},
 fjournal = {Osaka Journal of Mathematics},
 issn = {0030-6126},
 journal = {Osaka J. Math.},
 mrclass = {60H15 (60G51)},
 mrnumber = {2831975},
 mrreviewer = {Viorica M. Ungureanu},
 number = {2},
 pages = {311--327},
 title = {Stochastic evolution equations driven by {L}\'{e}vy processes},
 url = {http://projecteuclid.org/euclid.ojm/1315318342},
 volume = {48},
 year = {2011}
}
