@article{chen.foondun.ea:23:global,
  author        = {Le Chen and Mohammud Foondun and Jingyu Huang and Michael Salins},
  journal       = {Nonlinearity (to appear in 2025), preprint arXiv:2310.02153},
  month         = {October},
  title         = {Global solution for superlinear stochastic heat equation on $\mathbb{R}^d$ under Osgood-type conditions},
  url           = {http://arXiv.org/abs/2310.02153},
  year          = {2023}
}
