@article{chen.mak.ea:19:hierarchical,
 author = {Chen, Zhehui and Mak, Simon and Wu, C F J},
 journal = {arXiv preprint arXiv:1911.07285},
 title = {A hierarchical expected improvement method for {B}ayesian
optimization},
 year = {2019}
}
