@article{chen.ouyang.ea:24:on,
  author        = {Le Chen and Cheng Ouyang and Samy Tindel and Panqiu Xia},
  journal       = {Preprint arXiv:2412.03521, to appear in Stochastic PDEs: Analysis and Computations},
  month         = {December},
  title         = {On ergodic properties of stochastic {PDE}s},
  url           = {http://arXiv.org/abs/2412.03521},
  year          = {2024}
}
