@article{chen.guo.ea:22:moments,
  author        = {Le Chen and Yuhui Guo and Jian Song},
  journal       = {Preprint arXiv:2206.10069, to appear in Trans. Amer. Math. Soc.},
  month         = {June},
  title         = {Moments and asymptotics for a class of SPDEs with space-time white noise},
  url           = {https://www.arxiv.org/abs/2206.10069},
  year          = {2022}
}
