@incollection{chen:00:on,
 author = {Chen, Xia},
 booktitle = {High dimensional probability, {II} ({S}eattle, {WA}, 1999)},
 mrclass = {60F15 (60J55)},
 mrnumber = {1857326},
 mrreviewer = {Ingemar Kaj},
 pages = {249--259},
 publisher = {Birkh\"{a}user Boston, Boston, MA},
 series = {Progr. Probab.},
 title = {On the law of the iterated logarithm for local times of recurrent random walks},
 volume = {47},
 year = {2000}
}
