@article{chen.dalang:15:moments*1,
  author        = {Chen, Le and Dalang, Robert C.},
  doi           = {10.1007/s40072-015-0054-x},
  fjournal      = {Stochastic Partial Differential Equations. Analysis and Computations},
  issn          = {2194-0401},
  journal       = {Stoch. Partial Differ. Equ. Anal. Comput.},
  mrclass       = {60H15 (35R11 35R60 60G60)},
  mrnumber      = {3383450},
  mrreviewer    = {Jan I. Seidler},
  number        = {3},
  pages         = {360--397},
  title         = {Moments, intermittency and growth indices for the nonlinear fractional stochastic heat equation},
  url           = {https://doi.org/10.1007/s40072-015-0054-x},
  volume        = {3},
  year          = {2015}
}
