@article{chen.khoshnevisan.ea:23:central,
 author = {Chen, Le and Khoshnevisan, Davar and Nualart, David and Pu, Fei},
 doi = {10.1007/s40072-021-00224-8},
 fjournal = {Stochastic Partial Differential Equations. Analysis and Computations},
 issn = {2194-0401},
 journal = {Stoch. Partial Differ. Equ. Anal. Comput.},
 mrclass = {60H15 (35K05 60F05 60H07)},
 mrnumber = {4563698},
 number = {1},
 pages = {122--176},
 title = {Central limit theorems for spatial averages of the stochastic heat equation via {M}alliavin-{S}tein's method},
 url = {https://doi.org/10.1007/s40072-021-00224-8},
 volume = {11},
 year = {2023}
}
