@article{chen.xiong:15:annealed,
  author        = {Chen, Xia and Xiong, Jie},
  doi           = {10.1007/s10959-014-0558-8},
  fjournal      = {Journal of Theoretical Probability},
  issn          = {0894-9840},
  journal       = {J. Theoret. Probab.},
  mrclass       = {60J45 (60G55 60J65 60K37)},
  mrnumber      = {3422944},
  mrreviewer    = {Francis Comets},
  number        = {4},
  pages         = {1601--1650},
  title         = {Annealed asymptotics for {B}rownian motion of renormalized potential in mobile random medium},
  url           = {https://doi.org/10.1007/s10959-014-0558-8},
  volume        = {28},
  year          = {2015}
}
