@article{chen.zhang:14:probabilistic,
  author        = {Chen, Zhen-Qing and Zhang, Tusheng},
  doi           = {10.1090/S0002-9939-2014-11907-1},
  fjournal      = {Proceedings of the American Mathematical Society},
  issn          = {0002-9939},
  journal       = {Proc. Amer. Math. Soc.},
  mrclass       = {60H15 (35A01 35A02 35J25 60H30)},
  mrnumber      = {3182031},
  mrreviewer    = {Sergey V. Lototsky},
  number        = {6},
  pages         = {2135--2149},
  title         = {A probabilistic approach to mixed boundary value problems for elliptic operators with singular coefficients},
  url           = {https://doi.org/10.1090/S0002-9939-2014-11907-1},
  volume        = {142},
  year          = {2014}
}
