@misc{chen:23:financial,
  author        = {Le Chen},
  doi           = {10.5281/zenodo.10207028},
  journal       = {GitHub repository},
  month         = {nov},
  publisher     = {GitHub \& Zenodo},
  title         = {Financial Mathematics: Open Slides},
  url           = {https://github.com/chenle02/Open\_Slides\_Financial\_Mathematics},
  year          = {2023}
}
