@article{chen.hu.ea:17:parameter,
 author = {Chen, Yong and Hu, Yaozhong and Wang, Zhi},
 fjournal = {ALEA. Latin American Journal of Probability and Mathematical Statistics},
 journal = {ALEA Lat. Am. J. Probab. Math. Stat.},
 mrclass = {60H07 (60F05 62M09)},
 mrnumber = {3680192},
 mrreviewer = {Ciprian A. Tudor},
 number = {1},
 pages = {613--629},
 title = {Parameter estimation of complex fractional {O}rnstein-{U}hlenbeck processes with fractional noise},
 volume = {14},
 year = {2017}
}
