@article{chen.cohen.ea:20:drift-preserving,
  author        = {Chen, Chuchu and Cohen, David and D'Ambrosio, Raffaele and Lang, Annika},
  doi           = {10.1007/s10444-020-09771-5},
  fjournal      = {Advances in Computational Mathematics},
  issn          = {1019-7168,1572-9044},
  journal       = {Adv. Comput. Math.},
  mrclass       = {65C30 (60H10 60H35 65C20)},
  mrnumber      = {4077238},
  mrreviewer    = {Marco\ P.\ Cabral},
  number        = {2},
  pages         = {Paper No. 27, 22},
  title         = {Drift-preserving numerical integrators for stochastic {H}amiltonian systems},
  url           = {https://doi.org/10.1007/s10444-020-09771-5},
  volume        = {46},
  year          = {2020}
}
