@article{chen:01:moderate,
 author = {Chen, Xia},
 doi = {10.1016/S0304-4149(01)00079-5},
 fjournal = {Stochastic Processes and their Applications},
 issn = {0304-4149},
 journal = {Stochastic Process. Appl.},
 mrclass = {60F10 (60F15 60J55)},
 mrnumber = {1835845},
 mrreviewer = {Gh. Opri\c{s}an},
 number = {1},
 pages = {51--70},
 title = {Moderate deviations for {M}arkovian occupation times},
 url = {https://doi.org/10.1016/S0304-4149(01)00079-5},
 volume = {94},
 year = {2001}
}
