@article{chen.kuzgun.ea:24:on,
  author        = {Chen, Le and Kuzgun, Sefika and Mueller, Carl and Xia, Panqiu},
  doi           = {10.1007/s10955-023-03227-y},
  fjournal      = {Journal of Statistical Physics},
  issn          = {0022-4715},
  journal       = {J. Stat. Phys.},
  mrclass       = {60G22 (60K35)},
  mrnumber      = {4698730},
  number        = {2},
  pages         = {Paper No. 19, 15},
  title         = {On the radius of self-repellent fractional {B}rownian motion},
  url           = {https://doi.org/10.1007/s10955-023-03227-y},
  volume        = {191},
  year          = {2024}
}
