@article{chen.xiao:12:on,
 author = {Chen, ZhenLong and Xiao, YiMin},
 doi = {10.1007/s11425-012-4521-9},
 fjournal = {Science China. Mathematics},
 issn = {1674-7283,1869-1862},
 journal = {Sci. China Math.},
 mrclass = {60G15 (60G17 60G60)},
 mrnumber = {2994115},
 mrreviewer = {Xianmin\ Geng},
 number = {11},
 pages = {2217--2232},
 title = {On intersections of independent anisotropic {G}aussian
random fields},
 url = {https://doi.org/10.1007/s11425-012-4521-9},
 volume = {55},
 year = {2012}
}
