@incollection{chen:08:intersection,
 author = {Chen, Xia},
 booktitle = {Asymptotic theory in probability and statistics with
applications},
 mrclass = {60J55 (60F10 60F15)},
 mrnumber = {2466987},
 mrreviewer = {Peter M\"{o}rters},
 pages = {195--253},
 publisher = {Int. Press, Somerville, MA},
 series = {Adv. Lect. Math. (ALM)},
 title = {Intersection local times: large deviations and laws of the
iterated logarithm},
 volume = {2},
 year = {2008}
}
