@misc{chen:23:spdes-bib,
 author = {Le Chen},
 doi = {10.5281/zenodo.10143431},
 journal = {GitHub repository},
 month = {nov},
 publisher = {GitHub, Zenodo \& Read the Docs},
 title = {{SPDEs-Bib}: A Comprehensive Bibliography of Stochastic Partial Differential Equations and Related Topics},
 url = {https://spdes-bib.readthedocs.io},
 year = {2023}
}
