@article{chen.kim:20:stochastic,
  author        = {Chen, Le and Kim, Kunwoo},
  doi           = {10.1214/20-ejp541},
  fjournal      = {Electronic Journal of Probability},
  journal       = {Electron. J. Probab.},
  mrclass       = {60H15 (35R60 60G60)},
  mrnumber      = {4186259},
  mrreviewer    = {Vitalii Konarovskyi},
  pages         = {Paper No. 140, 38},
  title         = {Stochastic comparisons for stochastic heat equation},
  url           = {https://doi.org/10.1214/20-ejp541},
  volume        = {25},
  year          = {2020}
}
