@article{chen:16:third,
 author = {Le Chen},
 journal = {Preprint arXiv:1609.01005},
 month = {September},
 title = {The third moment for the parabolic Anderson model},
 url = {https://www.arxiv.org/abs/1609.01005},
 year = {2016}
}
