@article{chen.fitzsimmons.ea:08:perturbation,
  author        = {Chen, Z.-Q. and Fitzsimmons, P. J. and Kuwae, K. and Zhang, T.-S.},
  doi           = {10.1007/s00440-007-0065-2},
  fjournal      = {Probability Theory and Related Fields},
  issn          = {0178-8051},
  journal       = {Probab. Theory Related Fields},
  mrclass       = {60J45 (31C25 60H05 60J25 60J55 60J57)},
  mrnumber      = {2357677},
  mrreviewer    = {M. G. Shur},
  number        = {1-2},
  pages         = {239--275},
  title         = {Perturbation of symmetric {M}arkov processes},
  url           = {https://doi.org/10.1007/s00440-007-0065-2},
  volume        = {140},
  year          = {2008}
}
