@article{chen:95:fellers,
  author        = {Chen, Xia},
  fjournal      = {Chinese Annals of Mathematics. Series A. Shuxue Niankan. A Ji},
  issn          = {1000-8314},
  journal       = {Chinese Ann. Math. Ser. A},
  mrclass       = {60B12 (60F15)},
  mrnumber      = {1341939},
  number        = {2},
  pages         = {251--258},
  title         = {Feller's law of the iterated logarithm in {B}anach spaces},
  volume        = {16},
  year          = {1995}
}
