@article{chen:14:quenched,
  author        = {Chen, Xia},
  doi           = {10.1214/12-AOP830},
  fjournal      = {The Annals of Probability},
  issn          = {0091-1798},
  journal       = {Ann. Probab.},
  mrclass       = {60J65 (60F10 60K37 60K40)},
  mrnumber      = {3178468},
  mrreviewer    = {Rongfeng Sun},
  number        = {2},
  pages         = {576--622},
  title         = {Quenched asymptotics for {B}rownian motion in generalized {G}aussian potential},
  url           = {https://doi.org/10.1214/12-AOP830},
  volume        = {42},
  year          = {2014}
}
