@article{chenal.millet:97:uniform,
  author        = {Chenal, Fabien and Millet, Annie},
  doi           = {10.1016/S0304-4149(97)00091-4},
  fjournal      = {Stochastic Processes and their Applications},
  issn          = {0304-4149},
  journal       = {Stochastic Process. Appl.},
  mrclass       = {60F10 (35K60 35R60 60H15 60H20 60J25)},
  mrnumber      = {1486551},
  mrreviewer    = {Richard B. Sowers},
  number        = {2},
  pages         = {161--186},
  title         = {Uniform large deviations for parabolic {SPDE}s and applications},
  url           = {https://doi.org/10.1016/S0304-4149(97)00091-4},
  volume        = {72},
  year          = {1997}
}
