@article{chen.ouyang.ea:23:parabolic,
  author        = {Le Chen and Cheng Ouyang and William Vickery},
  journal       = {Preprint arXiv:2308.10802, to appear in Bernoulli},
  month         = {August},
  title         = {Parabolic Anderson model with colored noise on torus},
  url           = {http://arXiv.org/abs/2308.10802},
  year          = {2023}
}
