@misc{chen:23:some,
  author        = {Le Chen},
  doi           = {10.5281/zenodo.10143785},
  journal       = {GitHub repository},
  month         = {nov},
  publisher     = {GitHub \& Zenodo},
  title         = {Some symbolic tools for the {Fox} {$H$}-function},
  url           = {https://doi.org/10.5281/zenodo.10143785},
  year          = {2023}
}
