@misc{chen:23:open,
 author = {Le Chen},
 doi = {10.5281/zenodo.10206020},
 journal = {GitHub repository},
 month = {nov},
 publisher = {GitHub \& Zenodo},
 title = {Open slides for linear algebra},
 url = {https://github.com/chenle02/Open_Slides_for_Linear_Algebra},
 year = {2023}
}
