@article{chen.khoshnevisan.ea:21:clt,
  author        = {Chen, Le and Khoshnevisan, Davar and Nualart, David and Pu, Fei},
  doi           = {10.1090/proc/15614},
  fjournal      = {Proceedings of the American Mathematical Society},
  issn          = {0002-9939},
  journal       = {Proc. Amer. Math. Soc.},
  mrclass       = {60F05},
  mrnumber      = {4327439},
  mrreviewer    = {Yoshihiko Maesono},
  number        = {12},
  pages         = {5367--5384},
  title         = {A {CLT} for dependent random variables with an application to an infinite system of interacting diffusion processes},
  url           = {https://doi.org/10.1090/proc/15614},
  volume        = {149},
  year          = {2021}
}
