@article{chen:16:spatial,
 author = {Chen, Xia},
 doi = {10.1214/15-AOP1006},
 fjournal = {The Annals of Probability},
 issn = {0091-1798},
 journal = {Ann. Probab.},
 mrclass = {60J65 (60F10 60G55 60K37 60K40)},
 mrnumber = {3474477},
 mrreviewer = {Mathew Joseph},
 number = {2},
 pages = {1535--1598},
 title = {Spatial asymptotics for the parabolic {A}nderson models
with generalized time-space {G}aussian noise},
 url = {https://doi.org/10.1214/15-AOP1006},
 volume = {44},
 year = {2016}
}
