@article{chen.zhai.ea:24:well-posedness,
 author = {Yunfeng Chen and Jianliang Zhai and Tusheng Zhang},
 journal = {Preprint arXiv:2411.01847},
 month = {November},
 title = {Well-Posedness of Stochastic Chemotaxis System},
 url = {http://arXiv.org/abs/2411.01847},
 year = {2024}
}
