@article{chen:93:kolmogorovs,
  author        = {Chen, Xia},
  fjournal      = {Acta Mathematica Sinica. Shuxue Xuebao},
  issn          = {0583-1431},
  journal       = {Acta Math. Sinica},
  mrclass       = {60B12 (60F15)},
  mrnumber      = {1261945},
  mrreviewer    = {Deli Li},
  number        = {5},
  pages         = {600--619},
  title         = {Kolmogorov's law of the iterated logarithm for {$B$}-valued random elements and empirical processes},
  volume        = {36},
  year          = {1993}
}
