@article{chen.song:25:small,
  author        = {Chen, Xia and Song, Jian},
  doi           = {10.1007/s10959-024-01377-7},
  fjournal      = {Journal of Theoretical Probability},
  issn          = {0894-9840,1572-9230},
  journal       = {J. Theoret. Probab.},
  mrclass       = {60J55 (60F05 60J65)},
  mrnumber      = {4814787},
  number        = {1},
  pages         = {Paper No. 5, 19},
  title         = {Small deviations for the mutual intersection local time of {B}rownian motions},
  url           = {https://doi.org/10.1007/s10959-024-01377-7},
  volume        = {38},
  year          = {2025}
}
