@article{chen.dalang:15:moments,
 author = {Chen, Le and Dalang, Robert C.},
 doi = {10.1214/14-AOP954},
 fjournal = {The Annals of Probability},
 issn = {0091-1798},
 journal = {Ann. Probab.},
 mrclass = {60H15 (35R60 60G60)},
 mrnumber = {3433576},
 mrreviewer = {Mathew Joseph},
 number = {6},
 pages = {3006--3051},
 title = {Moments and growth indices for the nonlinear stochastic
heat equation with rough initial conditions},
 url = {https://doi.org/10.1214/14-AOP954},
 volume = {43},
 year = {2015}
}
