@article{chen:97:moderate,
  author        = {Chen, Xia},
  doi           = {10.1016/S0167-7152(97)00005-9},
  fjournal      = {Statistics \& Probability Letters},
  issn          = {0167-7152},
  journal       = {Statist. Probab. Lett.},
  mrclass       = {60B12 (60F10)},
  mrnumber      = {1483265},
  mrreviewer    = {Andrei I. Volodin},
  number        = {2},
  pages         = {123--134},
  title         = {Moderate deviations for {$m$}-dependent random variables with {B}anach space values},
  url           = {https://doi.org/10.1016/S0167-7152(97)00005-9},
  volume        = {35},
  year          = {1997}
}
