@article{chen.khoshnevisan.ea:22:spatial,
  author        = {Chen, Le and Khoshnevisan, Davar and Nualart, David and Pu, Fei},
  doi           = {10.1016/j.jfa.2021.109290},
  fjournal      = {Journal of Functional Analysis},
  issn          = {0022-1236},
  journal       = {J. Funct. Anal.},
  mrclass       = {60H15 (60F05 60H07)},
  mrnumber      = {4334682},
  mrreviewer    = {Ciprian A. Tudor},
  number        = {2},
  pages         = {Paper No. 109290, 35},
  title         = {Spatial ergodicity and central limit theorems for parabolic {A}nderson model with delta initial condition},
  url           = {https://doi.org/10.1016/j.jfa.2021.109290},
  volume        = {282},
  year          = {2022}
}
