@article{chen:17:moment,
 author = {Chen, Xia},
 doi = {10.1214/15-AIHP738},
 fjournal = {Annales de l'Institut Henri Poincar\'{e} Probabilit\'{e}s
et Statistiques},
 issn = {0246-0203},
 journal = {Ann. Inst. Henri Poincar\'{e} Probab. Stat.},
 mrclass = {60F10 (60H15 60H40 60J65 81U10)},
 mrnumber = {3634276},
 mrreviewer = {Mathew Joseph},
 number = {2},
 pages = {819--841},
 title = {Moment asymptotics for parabolic {A}nderson equation with
fractional time-space noise: in {S}korokhod regime},
 url = {https://doi.org/10.1214/15-AIHP738},
 volume = {53},
 year = {2017}
}
