@article{chen:23:chungs,
 author = {Chen, Jiaming},
 fjournal = {Electronic Communications in Probability},
 journal = {Electron. Commun. Probab.},
 mrclass = {60H15 (60F15 60G17)},
 mrnumber = {4651160},
 pages = {Paper No. 35, 7},
 title = {Chung's law of the iterated logarithm for a class of stochastic heat equations},
 volume = {28},
 year = {2023}
}
