@article{chen.qian.ea:98:stability,
 author = {Chen, Zhen-Qing and Qian, Zhongmin and Hu, Yaozhong and
Zheng, Weian},
 doi = {10.1006/jfan.1997.3147},
 fjournal = {Journal of Functional Analysis},
 issn = {0022-1236},
 journal = {J. Funct. Anal.},
 mrclass = {60J60 (35A08 35J45 47D07)},
 mrnumber = {1600084},
 mrreviewer = {Zhi Ming Ma},
 number = {1},
 pages = {255--280},
 title = {Stability and approximations of symmetric diffusion
semigroups and kernels},
 url = {https://doi.org/10.1006/jfan.1997.3147},
 volume = {152},
 year = {1998}
}
