@article{chen.dalang:12:nonlinear,
 author = {Le Chen and Robert C. Dalang},
 journal = {Preprint arXiv:1210.1690},
 month = {October},
 title = {The nonlinear stochastic heat equation with rough initial
data:a summary of some new results},
 url = {https://www.arxiv.org/abs/1210.1690},
 year = {2012}
}
