@article{chen.lee.ea:23:strong,
 author = {Chen, Le and Lee, Cheuk-Yin and Xia, Panqiu},
 journal = {Working progress},
 title = {Strong local nondeterminism for a parametric class of {SPDEs}},
 year = {2023}
}
