@article{chen.huang.ea:25:stochastic,
  author        = {Le Chen and Jingyu Huang and Wenxuan Tao},
  journal       = {Preprint arXiv:2507.23637},
  month         = {July},
  title         = {A stochastic heat equation with non-locally Lipschitz coefficients},
  url           = {http://arXiv.org/abs/2507.23637},
  year          = {2025}
}
