@misc{chen.montes.ea:24:simulations,
 author = {Le Chen and Mauricio Montes and Ian Ruau},
 email = {le.chen\@auburn.edu, mauricio.montes\@auburn.edu, ian.ruau\@auburn.edu},
 howpublished = {url{https://github.com/chenle02/Simulations\_on\_Some\_Surface\_Growth\_Models}},
 note = {Python package available at url{https://pypi.org/project/tetris-ballistic/}},
 title = {Simulations on Some Surface Growth Models},
 url = {https://simulations-on-some-surface-growth-models.readthedocs.io},
 year = {2024}
}
