@article{chen.kuzgun.ea:23:on,
 author = {Le Chen and Sefika Kuzgun and Carl Mueller and Panqiu Xia},
 journal = {preprint arXiv:2308.10889, to appear in J. Statist. Phys.},
 month = {August},
 title = {On the radius of self-repellent fractional Brownian motion},
 url = {http://arXiv.org/abs/2308.10889},
 year = {2023}
}
