@misc{chen:23:graduate,
 author = {Le Chen},
 doi = {10.5281/zenodo.10206966},
 journal = {GitHub repository},
 month = {nov},
 publisher = {GitHub \& Zenodo},
 title = {Graduate Student Seminars by {Le Chen}},
 url = {https://doi.org/10.5281/zenodo.10206966},
 year = {2023}
}
