@misc{chen:23:awards,
 author = {Le Chen},
 doi = {10.5281/zenodo.10206801},
 journal = {GitHub repository},
 month = {nov},
 publisher = {GitHub \& Zenodo},
 title = {Awards from {National Science Foundation (NSF)} with a Focus on Division of Mathematical Sciences {(DMS)}},
 url = {https://doi.org/10.5281/zenodo.10206801},
 year = {2023}
}
