@article{chen.cohen.ea:16:conservative,
  author        = {Chen, Chuchu and Cohen, David and Hong, Jialin},
  doi           = {10.1007/jhep03(2016)127},
  fjournal      = {International Journal of Numerical Analysis and Modeling},
  issn          = {1705-5105,2617-8710},
  journal       = {Int. J. Numer. Anal. Model.},
  mrclass       = {65C30 (60H35)},
  mrnumber      = {3506778},
  mrreviewer    = {Marco\ P.\ Cabral},
  number        = {3},
  pages         = {435--456},
  title         = {Conservative methods for stochastic differential equations with a conserved quantity},
  url           = {https://doi.org/10.1007/jhep03(2016)127},
  volume        = {13},
  year          = {2016}
}
