@misc{chen:23:probability,
  author        = {Le Chen},
  doi           = {10.5281/zenodo.10206799},
  journal       = {GitHub repository},
  month         = {nov},
  publisher     = {GitHub \& Zenodo},
  title         = {Probability: Summer Science Institute at {Auburn}},
  url           = {https://github.com/chenle02/2022\_SSI-AU\_Probability\_by\_Le},
  year          = {2023}
}
