@article{chen.hu.ea:15:exponential,
  author        = {Chen, Xia and Hu, Yaozhong and Song, Jian and Xing, Fei},
  doi           = {10.1214/13-AIHP588},
  fjournal      = {Annales de l'Institut Henri Poincar\'{e} Probabilit\'{e}s et Statistiques},
  issn          = {0246-0203},
  journal       = {Ann. Inst. Henri Poincar\'{e} Probab. Stat.},
  mrclass       = {60J65 (60F10 60G55 60K37 60K40)},
  mrnumber      = {3414457},
  mrreviewer    = {Francis Comets},
  number        = {4},
  pages         = {1529--1561},
  title         = {Exponential asymptotics for time-space {H}amiltonians},
  url           = {https://doi.org/10.1214/13-AIHP588},
  volume        = {51},
  year          = {2015}
}
