@article{chen.xia:23:asymptotic,
 author = {Le Chen and Panqiu Xia},
 journal = {Preprint arXiv:2306.06761, to appear in Annals of
Probability},
 month = {June},
 title = {Asymptotic properties of stochastic partial differential
equations in the sublinear regime},
 url = {http://arXiv.org/abs/2306.06761},
 year = {2023}
}
