@article{chen.eisenberg:22:invariant,
  author        = {Le Chen and Nicholas Eisenberg},
  journal       = {J. Theoret. Probab. (pending revision, preprint arXiv:2209.04771)},
  month         = {September},
  title         = {Invariant measures for the nonlinear stochastic heat equation with no drift term},
  url           = {http://arXiv.org/abs/2209.04771},
  year          = {2022}
}
