@book{chen:05:finite,
  author        = {Chen, Zhangxin},
  isbn          = {978-3-540-24078-5; 3-540-24078-0},
  mrclass       = {65-02 (65M60 65N30)},
  mrnumber      = {2158541},
  mrreviewer    = {Stefka N. Dimova},
  pages         = {xiv+410},
  publisher     = {Springer-Verlag, Berlin},
  series        = {Scientific Computation},
  title         = {Finite element methods and their applications},
  year          = {2005}
}
