@article{chen.guo.ea:24:moments,
 author = {Chen, Le and Guo, Yuhui and Song, Jian},
 doi = {10.1090/tran/9138},
 fjournal = {Transactions of the American Mathematical Society},
 issn = {0002-9947},
 journal = {Trans. Amer. Math. Soc.},
 mrclass = {60H15 (26A33 37H15 60G60 60H07)},
 mrnumber = {4748620},
 number = {6},
 pages = {4255--4301},
 title = {Moments and asymptotics for a class of {SPDE}s with space-time white noise},
 url = {https://doi.org/10.1090/tran/9138},
 volume = {377},
 year = {2024}
}
