@article{chen:17:nonlinear,
 author = {Chen, Le},
 doi = {10.1090/tran/6951},
 fjournal = {Transactions of the American Mathematical Society},
 issn = {0002-9947},
 journal = {Trans. Amer. Math. Soc.},
 mrclass = {60H15 (35R11 35R60 60G60)},
 mrnumber = {3710633},
 mrreviewer = {Feng-Yu Wang},
 number = {12},
 pages = {8497--8535},
 title = {Nonlinear stochastic time-fractional diffusion equations on {$\Bbb{R}$}: moments, {H}\"{o}lder regularity and intermittency},
 url = {https://doi.org/10.1090/tran/6951},
 volume = {369},
 year = {2017}
}
