@article{chen:13:moments,
 address = {Lausanne},
 author = {Chen, Le},
 doi = {10.5075/epfl-thesis-5712},
 institution = {MATHAA},
 journal = {EPFL Ph.D. Thesis},
 publisher = {EPFL},
 title = {Moments, Intermittency, and Growth Indices for Nonlinear Stochastic PDE's with Rough Initial Conditions},
 url = {http://infoscience.epfl.ch/record/185885},
 year = {2013}
}
