@article{chertock.kurganov:08:second-order,
  author        = {Chertock, Alina and Kurganov, Alexander},
  doi           = {10.1007/s00211-008-0188-0},
  fjournal      = {Numerische Mathematik},
  issn          = {0029-599X},
  journal       = {Numer. Math.},
  mrclass       = {92C17 (65M06 76M12)},
  mrnumber      = {2456829},
  number        = {2},
  pages         = {169--205},
  title         = {A second-order positivity preserving central-upwind scheme for chemotaxis and haptotaxis models},
  url           = {https://doi.org/10.1007/s00211-008-0188-0},
  volume        = {111},
  year          = {2008}
}
