@article{chertock.epshteyn.ea:18:high-order,
 author = {Chertock, Alina and Epshteyn, Yekaterina and Hu, Hengrui
and Kurganov, Alexander},
 doi = {10.1007/s10444-017-9545-9},
 fjournal = {Advances in Computational Mathematics},
 issn = {1019-7168},
 journal = {Adv. Comput. Math.},
 mrclass = {65M06 (35K51 35K57 65M08 65M12 92C17)},
 mrnumber = {3755752},
 mrreviewer = {Prabir K. Daripa},
 number = {1},
 pages = {327--350},
 title = {High-order positivity-preserving hybrid
finite-volume-finite-difference methods for chemotaxis
systems},
 url = {https://doi.org/10.1007/s10444-017-9545-9},
 volume = {44},
 year = {2018}
}
