@article{chevalier:76:independance,
 author = {Chevalier, Jacques},
 fjournal = {Comptes Rendus Hebdomadaires des S\'{e}ances de l'Acad\'{e}mie des Sciences. S\'{e}ries A et B},
 issn = {0151-0509},
 journal = {C. R. Acad. Sci. Paris S\'{e}r. A-B},
 mrclass = {60F05 (62G30)},
 mrnumber = {394811},
 mrreviewer = {G. E. Noether},
 number = {8},
 pages = {Aii, A439--A441},
 title = {Ind\'{e}pendance asymptotique de deux variables al\'{e}atoires},
 volume = {282},
 year = {1976}
}
