@incollection{chicheportiche.jaisson.ea:15:introduction,
 author = {Chicheportiche, R\'emy and Jaisson, Thibault and Mastromatteo, Iacopo and Vargas, Vincent},
 booktitle = {Mod\'elisation {A}l\'eatoire et {S}tatistique---{J}ourn\'ees {MAS} 2014},
 doi = {10.1051/proc/201551017},
 mrclass = {91B80 (60F17 60G18 60G55 62P05 91G80)},
 mrnumber = {3440804},
 mrreviewer = {Jun-ichi\ Maskawa},
 pages = {320--336},
 publisher = {EDP Sci., Les Ulis},
 series = {ESAIM Proc. Surveys},
 title = {An introduction to econophysics and quantitative finance},
 url = {https://doi.org/10.1051/proc/201551017},
 volume = {51},
 year = {2015}
}
