@article{childress.percus:81:nonlinear,
  author        = {Childress, S. and Percus, J. K.},
  doi           = {10.1016/0025-5564(81)90055-9},
  fjournal      = {Mathematical Biosciences},
  issn          = {0025-5564},
  journal       = {Math. Biosci.},
  mrclass       = {92A09 (35K55)},
  mrnumber      = {632161},
  mrreviewer    = {John J. Tyson},
  number        = {3-4},
  pages         = {217--237},
  title         = {Nonlinear aspects of chemotaxis},
  url           = {https://doi.org/10.1016/0025-5564(81)90055-9},
  volume        = {56},
  year          = {1981}
}
