@article{chiodaroli.feireisl.ea:21:ill-posedness,
 author = {Chiodaroli, Elisabetta and Feireisl, Eduard and Flandoli, Franco},
 doi = {10.1512/iumj.2021.70.8591},
 fjournal = {Indiana University Mathematics Journal},
 issn = {0022-2518,1943-5258},
 journal = {Indiana Univ. Math. J.},
 mrclass = {76N10 (35Q31 60H05 60H15)},
 mrnumber = {4318474},
 mrreviewer = {Olga\ S.\ Rozanova},
 number = {4},
 pages = {1267--1282},
 title = {Ill-posedness for the full {E}uler system driven by multiplicative white noise},
 url = {https://doi.org/10.1512/iumj.2021.70.8591},
 volume = {70},
 year = {2021}
}
