@article{chiyoda.mizukami.ea:20:finite-time,
  author        = {Chiyoda, Yuka and Mizukami, Masaaki and Yokota, Tomomi},
  doi           = {10.1007/s10440-019-00275-z},
  fjournal      = {Acta Applicandae Mathematicae},
  issn          = {0167-8019},
  journal       = {Acta Appl. Math.},
  mrclass       = {92C17 (35B44 35K59 35K65 35M33 35Q92)},
  mrnumber      = {4103924},
  mrreviewer    = {Chunhua Jin},
  pages         = {231--259},
  title         = {Finite-time blow-up in a quasilinear degenerate chemotaxis system with flux limitation},
  url           = {https://doi.org/10.1007/s10440-019-00275-z},
  volume        = {167},
  year          = {2020}
}
