@article{choi.jeong:21:classical,
 author = {Choi, Young-Pil and Jeong, In-Jee},
 doi = {10.1016/j.na.2021.112393},
 fjournal = {Nonlinear Analysis. Theory, Methods \& Applications. An
International Multidisciplinary Journal},
 issn = {0362-546X},
 journal = {Nonlinear Anal.},
 mrclass = {35Q35},
 mrnumber = {4253949},
 pages = {Paper No. 112393, 13},
 title = {Classical solutions for fractional porous medium flow},
 url = {https://doi.org/10.1016/j.na.2021.112393},
 volume = {210},
 year = {2021}
}
