@article{chojnowska-michalik.goldys:02:symmetric,
 author = {Chojnowska-Michalik, Anna and Goldys, Beniamin},
 doi = {10.1007/s004400200222},
 fjournal = {Probability Theory and Related Fields},
 issn = {0178-8051,1432-2064},
 journal = {Probab. Theory Related Fields},
 mrclass = {60H15 (60J60)},
 mrnumber = {1942319},
 mrreviewer = {Catherine\ Donati-Martin},
 number = {4},
 pages = {459--486},
 title = {Symmetric {O}rnstein-{U}hlenbeck semigroups and their
generators},
 url = {https://doi.org/10.1007/s004400200222},
 volume = {124},
 year = {2002}
}
