@article{chong:20:high-frequency,
  author        = {Chong, Carsten},
  doi           = {10.1214/19-AOS1841},
  fjournal      = {The Annals of Statistics},
  issn          = {0090-5364,2168-8966},
  journal       = {Ann. Statist.},
  mrclass       = {62M40 (60H15 62G20)},
  mrnumber      = {4102691},
  mrreviewer    = {Mounir\ Zili},
  number        = {2},
  pages         = {1143--1167},
  title         = {High-frequency analysis of parabolic stochastic {PDE}s},
  url           = {https://doi.org/10.1214/19-AOS1841},
  volume        = {48},
  year          = {2020}
}
