@article{chong.kevei:20:almost-sure*2,
 author = {Chong, Carsten and Kevei, P\'{e}ter},
 doi = {10.1214/19-AOP1401},
 fjournal = {The Annals of Probability},
 issn = {0091-1798,2168-894X},
 journal = {Ann. Probab.},
 mrclass = {60H15 (35B40 60F15 60G17 60G55)},
 mrnumber = {4112721},
 mrreviewer = {Le\ Chen},
 number = {3},
 pages = {1466--1494},
 title = {The almost-sure asymptotic behavior of the solution to the stochastic heat equation with {L}\'{e}vy noise},
 url = {https://doi.org/10.1214/19-AOP1401},
 volume = {48},
 year = {2020}
}
