@article{chong.kevei:19:intermittency,
 author = {Chong, Carsten and Kevei, P\'{e}ter},
 doi = {10.1214/18-AOP1297},
 fjournal = {The Annals of Probability},
 issn = {0091-1798,2168-894X},
 journal = {Ann. Probab.},
 mrclass = {60H15 (35B40 35K15 35R60 37H15 60G51)},
 mrnumber = {3980911},
 mrreviewer = {Markus\ Kunze},
 number = {4},
 pages = {1911--1948},
 title = {Intermittency for the stochastic heat equation with {L}\'{e}vy noise},
 url = {https://doi.org/10.1214/18-AOP1297},
 volume = {47},
 year = {2019}
}
