@article{chong.kevei:22:extremes,
 author = {Chong, Carsten and Kevei, P\'{e}ter},
 doi = {10.1214/22-ejp855},
 fjournal = {Electronic Journal of Probability},
 issn = {1083-6489},
 journal = {Electron. J. Probab.},
 mrclass = {60H15 (60F15 60G17 60G51 60G70)},
 mrnumber = {4490411},
 mrreviewer = {Jorge\ A.\ Le\'{o}n},
 pages = {Paper No. 128, 21},
 title = {Extremes of the stochastic heat equation with additive {L}\'{e}vy noise},
 url = {https://doi.org/10.1214/22-ejp855},
 volume = {27},
 year = {2022}
}
