@article{chorin:77:random,
  author        = {Chorin, Alexandre Joel},
  doi           = {10.1016/0021-9991(77)90101-2},
  fjournal      = {Journal of Computational Physics},
  issn          = {0021-9991,1090-2716},
  journal       = {J. Comput. Phys.},
  mrclass       = {76.65},
  mrnumber      = {471617},
  mrreviewer    = {Nima\ Geffen},
  number        = {3},
  pages         = {253--272},
  title         = {Random choice methods with applications to reacting gas flow},
  url           = {https://doi.org/10.1016/0021-9991(77)90101-2},
  volume        = {25},
  year          = {1977}
}
