@book{chorin.marsden:93:mathematical,
 author = {Chorin, Alexandre J. and Marsden, Jerrold E.},
 doi = {10.1007/978-1-4612-0883-9},
 edition = {Third},
 isbn = {0-387-97918-2},
 mrclass = {76-02 (35Qxx)},
 mrnumber = {1218879},
 pages = {xii+169},
 publisher = {Springer-Verlag, New York},
 series = {Texts in Applied Mathematics},
 title = {A mathematical introduction to fluid mechanics},
 url = {https://doi.org/10.1007/978-1-4612-0883-9},
 volume = {4},
 year = {1993}
}
