@article{chorin.morzfeld.ea:10:implicit,
  author        = {Chorin, Alexandre and Morzfeld, Matthias and Tu, Xuemin},
  doi           = {10.2140/camcos.2010.5.221},
  fjournal      = {Communications in Applied Mathematics and Computational Science},
  issn          = {1559-3940,2157-5452},
  journal       = {Commun. Appl. Math. Comput. Sci.},
  mrclass       = {60G35 (62M20)},
  mrnumber      = {2765384},
  number        = {2},
  pages         = {221--240},
  title         = {Implicit particle filters for data assimilation},
  url           = {https://doi.org/10.2140/camcos.2010.5.221},
  volume        = {5},
  year          = {2010}
}
