@article{chorin:67:numerical,
  author        = {Chorin, Alexandre Joel},
  doi           = {10.1016/0021-9991(67)90037-X},
  fjournal      = {Journal of Computational Physics},
  issn          = {0021-9991,1090-2716},
  journal       = {J. Comput. Phys.},
  mrclass       = {76M20 (65M60)},
  mrnumber      = {3960903},
  number        = {1},
  pages         = {12--26},
  title         = {A numerical method for solving incompressible viscous flow problems},
  url           = {https://doi.org/10.1016/0021-9991(67)90037-X},
  volume        = {2},
  year          = {1967}
}
