@book{chow.ea:06:hamiltons,
  author        = {Chow, Bennett and others},
  publisher     = {American Mathematical Soc.},
  title         = {Hamilton's Ricci flow},
  year          = {2006}
}
