@article{chow.shen:95:stability,
 author = {Chow, Shui-Nee and Shen, Wen Xian},
 fjournal = {Dynamic Systems and Applications},
 issn = {1056-2176},
 journal = {Dynam. Systems Appl.},
 mrclass = {58F10 (34C99 34G99 58F14)},
 mrnumber = {1312477},
 number = {1},
 pages = {1--25},
 title = {Stability and bifurcation of traveling wave solutions in coupled map lattices},
 volume = {4},
 year = {1995}
}
