@article{chronopoulou.tudor.ea:11:self-similarity,
  author        = {Chronopoulou, Alexandra and Tudor, Ciprian A. and Viens, Frederi G.},
  doi           = {10.31390/cosa.5.1.10},
  fjournal      = {Communications on Stochastic Analysis},
  issn          = {2688-6669},
  journal       = {Commun. Stoch. Anal.},
  mrclass       = {60G22 (60F05 60H07 62F10 62F12)},
  mrnumber      = {2808541},
  mrreviewer    = {Anthony\ R\'eveillac},
  number        = {1},
  pages         = {161--185},
  title         = {Self-similarity parameter estimation and reproduction property for non-{G}aussian {H}ermite processes},
  url           = {https://doi.org/10.31390/cosa.5.1.10},
  volume        = {5},
  year          = {2011}
}
