@book{chung.williams:90:introduction,
 author = {Chung, K. L. and Williams, R. J.},
 doi = {10.1007/978-1-4612-4480-6},
 edition = {Second},
 isbn = {0-8176-3386-3},
 mrclass = {60H05},
 mrnumber = {1102676},
 pages = {xvi+276},
 publisher = {Birkh\"{a}user Boston, Inc., Boston, MA},
 series = {Probability and its Applications},
 title = {Introduction to stochastic integration},
 url = {https://doi.org/10.1007/978-1-4612-4480-6},
 year = {1990}
}
