@article{cialenco:18:statistical,
  author        = {Cialenco, Igor},
  doi           = {10.1007/s11203-018-9177-9},
  fjournal      = {Statistical Inference for Stochastic Processes. An International Journal Devoted to Time Series Analysis and the Statistics of Continuous Time Processes and Dynamical Systems},
  issn          = {1387-0874,1572-9311},
  journal       = {Stat. Inference Stoch. Process.},
  mrclass       = {60H15 (62M99 65M75)},
  mrnumber      = {3824970},
  number        = {2},
  pages         = {309--329},
  title         = {Statistical inference for {SPDE}s: an overview},
  url           = {https://doi.org/10.1007/s11203-018-9177-9},
  volume        = {21},
  year          = {2018}
}
