@article{cialenco.lototsky.ea:09:asymptotic,
  author        = {Cialenco, Igor and Lototsky, Sergey V. and Posp\'i\v sil, Jan},
  doi           = {10.1142/S0219493709002610},
  fjournal      = {Stochastics and Dynamics},
  issn          = {0219-4937,1793-6799},
  journal       = {Stoch. Dyn.},
  mrclass       = {60H15 (60G15 60G18 62F12)},
  mrnumber      = {2531625},
  number        = {2},
  pages         = {169--185},
  title         = {Asymptotic properties of the maximum likelihood estimator for stochastic parabolic equations with additive fractional {B}rownian motion},
  url           = {https://doi.org/10.1142/S0219493709002610},
  volume        = {9},
  year          = {2009}
}
