@article{cianchi.mazya:08:neumann,
  author        = {Cianchi, Andrea and Maz'ya, Vladimir G.},
  doi           = {10.1016/j.matpur.2007.10.001},
  fjournal      = {Journal de Math\'{e}matiques Pures et Appliqu\'{e}es. Neuvi\`eme S\'{e}rie},
  issn          = {0021-7824},
  journal       = {J. Math. Pures Appl. (9)},
  mrclass       = {35J60 (35J25)},
  mrnumber      = {2378090},
  mrreviewer    = {Juha K. Kinnunen},
  number        = {1},
  pages         = {71--105},
  title         = {Neumann problems and isocapacitary inequalities},
  url           = {https://doi.org/10.1016/j.matpur.2007.10.001},
  volume        = {89},
  year          = {2008}
}
