@book{ciarlet:78:finite,
 author = {Ciarlet, Philippe G.},
 isbn = {0-444-85028-7},
 mrclass = {65N30},
 mrnumber = {520174},
 mrreviewer = {Josef Nedoma},
 pages = {xix+530},
 publisher = {North-Holland Publishing Co., Amsterdam-New York-Oxford},
 series = {Studies in Mathematics and its Applications, Vol. 4},
 title = {The finite element method for elliptic problems},
 year = {1978}
}
