@incollection{cicuta.molinari:11:phase,
 author = {Cicuta, G. M. and Molinari, L. G.},
 booktitle = {The {O}xford handbook of random matrix theory},
 mrclass = {60B20 (60-02 82B26)},
 mrnumber = {2932634},
 mrreviewer = {Sasha Sodin},
 pages = {290--309},
 publisher = {Oxford Univ. Press, Oxford},
 title = {Phase transitions},
 year = {2011}
}
