@article{cieslak.winkler:17:global,
 author = {Cie\'{s}lak, Tomasz and Winkler, Michael},
 doi = {10.1016/j.nonrwa.2016.10.002},
 fjournal = {Nonlinear Analysis. Real World Applications. An International Multidisciplinary Journal},
 issn = {1468-1218},
 journal = {Nonlinear Anal. Real World Appl.},
 mrclass = {35K51 (35K59 35Q92)},
 mrnumber = {3595313},
 pages = {1--19},
 title = {Global bounded solutions in a two-dimensional quasilinear {K}eller-{S}egel system with exponentially decaying diffusivity and subcritical sensitivity},
 url = {https://doi.org/10.1016/j.nonrwa.2016.10.002},
 volume = {35},
 year = {2017}
}
