@article{ciesielski.taylor:62:first,
  author        = {Ciesielski, Z. and Taylor, S. J.},
  doi           = {10.2307/1993838},
  fjournal      = {Transactions of the American Mathematical Society},
  issn          = {0002-9947},
  journal       = {Trans. Amer. Math. Soc.},
  mrclass       = {60.62},
  mrnumber      = {143257},
  mrreviewer    = {D. A. Darling},
  pages         = {434--450},
  title         = {First passage times and sojourn times for {B}rownian motion in space and the exact {H}ausdorff measure of the sample path},
  url           = {https://doi.org/10.2307/1993838},
  volume        = {103},
  year          = {1962}
}
