@article{cieslak.winkler:08:finite-time,
 author = {Cie\'{s}lak, Tomasz and Winkler, Michael},
 doi = {10.1088/0951-7715/21/5/009},
 fjournal = {Nonlinearity},
 issn = {0951-7715},
 journal = {Nonlinearity},
 mrclass = {35K57 (35B40 35K50 92C17)},
 mrnumber = {2412327},
 mrreviewer = {Gabriela Marinoschi},
 number = {5},
 pages = {1057--1076},
 title = {Finite-time blow-up in a quasilinear system of chemotaxis},
 url = {https://doi.org/10.1088/0951-7715/21/5/009},
 volume = {21},
 year = {2008}
}
