@incollection{clarkson:10:painleve,
 author = {Clarkson, P. A.},
 booktitle = {N{IST} handbook of mathematical functions},
 mrclass = {33E17 (34M55 37J05 37K20)},
 mrnumber = {2655372},
 pages = {723--740},
 publisher = {U.S. Dept. Commerce, Washington, DC},
 title = {Painlev\'{e} transcendents},
 year = {2010}
}
