@incollection{clarkson:06:painleve,
  author        = {Clarkson, Peter A.},
  booktitle     = {Orthogonal polynomials and special functions},
  doi           = {10.1007/978-3-540-36716-1\_7},
  mrclass       = {33E17 (34M55 35A30 35Q53 37J35 37K20)},
  mrnumber      = {2243533},
  mrreviewer    = {Marta Mazzocco},
  pages         = {331--411},
  publisher     = {Springer, Berlin},
  series        = {Lecture Notes in Math.},
  title         = {Painlev\'{e} equations---nonlinear special functions},
  url           = {https://doi.org/10.1007/978-3-540-36716-1\_7},
  volume        = {1883},
  year          = {2006}
}
