@article{cloez.hairer:15:exponential,
 author = {Cloez, Bertrand and Hairer, Martin},
 doi = {10.3150/13-BEJ577},
 fjournal = {Bernoulli. Official Journal of the Bernoulli Society for
Mathematical Statistics and Probability},
 issn = {1350-7265},
 journal = {Bernoulli},
 mrclass = {60J05 (37A50 37H15 60B10)},
 mrnumber = {3322329},
 mrreviewer = {Feng-Rung Hu},
 number = {1},
 pages = {505--536},
 title = {Exponential ergodicity for {M}arkov processes with random
switching},
 url = {https://doi.org/10.3150/13-BEJ577},
 volume = {21},
 year = {2015}
}
