@book{coddington.levinson:55:theory,
 author = {Coddington, Earl A. and Levinson, Norman},
 mrclass = {36.0X},
 mrnumber = {0069338},
 mrreviewer = {M. Zl\'{a}mal},
 pages = {xii+429},
 publisher = {McGraw-Hill Book Company, Inc., New York-Toronto-London},
 title = {Theory of ordinary differential equations},
 year = {1955}
}
