@article{cohen.hairer.ea:08:conservation,
  author        = {Cohen, David and Hairer, Ernst and Lubich, Christian},
  doi           = {10.1007/s00211-008-0163-9},
  fjournal      = {Numerische Mathematik},
  issn          = {0029-599X,0945-3245},
  journal       = {Numer. Math.},
  mrclass       = {65M06 (35L70)},
  mrnumber      = {2425152},
  number        = {2},
  pages         = {113--143},
  title         = {Conservation of energy, momentum and actions in numerical discretizations of non-linear wave equations},
  url           = {https://doi.org/10.1007/s00211-008-0163-9},
  volume        = {110},
  year          = {2008}
}
