@article{cohen:21:an-introduction-to-the-numerical-simulation-of-stochastic-differential-equations,
  author        = {Cohen, David},
  doi           = {10.4171/mag-51},
  fjournal      = {European Mathematical Society Magazine},
  issn          = {2747-7894,2747-7908},
  journal       = {Eur. Math. Soc. Mag.},
  mrclass       = {00A17},
  mrnumber      = {4419329},
  number        = {122},
  pages         = {68--69},
  title         = {{\it {A}n introduction to the numerical simulation of stochastic differential equations} [book review of 4241457]},
  url           = {https://doi.org/10.4171/mag-51},
  year          = {2021}
}
