@article{cohen.raynaud:12:convergent,
  author        = {Cohen, David and Raynaud, Xavier},
  doi           = {10.1007/s00211-012-0452-1},
  fjournal      = {Numerische Mathematik},
  issn          = {0029-599X,0945-3245},
  journal       = {Numer. Math.},
  mrclass       = {65M06 (65M12 74K10)},
  mrnumber      = {2958335},
  mrreviewer    = {Mapundi\ K.\ Banda},
  number        = {1},
  pages         = {1--59},
  title         = {Convergent numerical schemes for the compressible hyperelastic rod wave equation},
  url           = {https://doi.org/10.1007/s00211-012-0452-1},
  volume        = {122},
  year          = {2012}
}
