@article{cohen.dujardin:17:exponential,
  author        = {Cohen, David and Dujardin, Guillaume},
  doi           = {10.1007/s40072-017-0098-1},
  fjournal      = {Stochastic Partial Differential Equations. Analysis and Computations},
  issn          = {2194-0401,2194-041X},
  journal       = {Stoch. Partial Differ. Equ. Anal. Comput.},
  mrclass       = {65M75 (35Q55 35R60 45K05 60H15 65C50 65J08)},
  mrnumber      = {3736655},
  mrreviewer    = {Vigirdas\ Mackevi\v cius},
  number        = {4},
  pages         = {592--613},
  title         = {Exponential integrators for nonlinear {S}chr\"odinger equations with white noise dispersion},
  url           = {https://doi.org/10.1007/s40072-017-0098-1},
  volume        = {5},
  year          = {2017}
}
