@article{cohen.schweitzer:15:high,
  author        = {Cohen, David and Schweitzer, Julia},
  doi           = {10.1051/m2an/2014056},
  fjournal      = {ESAIM. Mathematical Modelling and Numerical Analysis},
  issn          = {2822-7840,2804-7214},
  journal       = {ESAIM Math. Model. Numer. Anal.},
  mrclass       = {65P20 (65L05 65L20)},
  mrnumber      = {3342224},
  mrreviewer    = {Ilya\ V.\ Boykov},
  number        = {3},
  pages         = {695--711},
  title         = {High order numerical methods for highly oscillatory problems},
  url           = {https://doi.org/10.1051/m2an/2014056},
  volume        = {49},
  year          = {2015}
}
