@article{cohen.vilmart:22:drift-preserving,
  author        = {Cohen, David and Vilmart, Gilles},
  doi           = {10.1080/00207160.2021.1922679},
  fjournal      = {International Journal of Computer Mathematics},
  issn          = {0020-7160,1029-0265},
  journal       = {Int. J. Comput. Math.},
  mrclass       = {65C30 (60H10 60H35 65P10)},
  mrnumber      = {4375496},
  number        = {1},
  pages         = {4--20},
  title         = {Drift-preserving numerical integrators for stochastic {P}oisson systems},
  url           = {https://doi.org/10.1080/00207160.2021.1922679},
  volume        = {99},
  year          = {2022}
}
