@incollection{cohen.jahnke.ea:06:numerical,
  author        = {Cohen, David and Jahnke, Tobias and Lorenz, Katina and Lubich, Christian},
  booktitle     = {Analysis, modeling and simulation of multiscale problems},
  doi           = {10.1007/3-540-35657-6\_20},
  isbn          = {978-3-540-35656-1; 3-540-35656-8},
  mrclass       = {37M15 (65P10 70-08 70H05)},
  mrnumber      = {2275175},
  pages         = {553--576},
  publisher     = {Springer, Berlin},
  title         = {Numerical integrators for highly oscillatory {H}amiltonian systems: a review},
  url           = {https://doi.org/10.1007/3-540-35657-6\_20},
  year          = {2006}
}
