@article{cohen.larsson.ea:13:trigonometric,
  author        = {Cohen, David and Larsson, Stig and Sigg, Magdalena},
  doi           = {10.1137/12087030X},
  fjournal      = {SIAM Journal on Numerical Analysis},
  issn          = {0036-1429,1095-7170},
  journal       = {SIAM J. Numer. Anal.},
  mrclass       = {65M75 (60H15 60H35 65C30 65M60)},
  mrnumber      = {3033008},
  mrreviewer    = {Roger\ Pettersson},
  number        = {1},
  pages         = {204--222},
  title         = {A trigonometric method for the linear stochastic wave equation},
  url           = {https://doi.org/10.1137/12087030X},
  volume        = {51},
  year          = {2013}
}
