@article{cohen:06:conservation,
  author        = {Cohen, David},
  doi           = {10.1093/imanum/dri020},
  fjournal      = {IMA Journal of Numerical Analysis},
  issn          = {0272-4979,1464-3642},
  journal       = {IMA J. Numer. Anal.},
  mrclass       = {65P10 (37M15 65D30 70-08 70H05)},
  mrnumber      = {2193969},
  mrreviewer    = {Melvin\ Leok},
  number        = {1},
  pages         = {34--59},
  title         = {Conservation properties of numerical integrators for highly oscillatory {H}amiltonian systems},
  url           = {https://doi.org/10.1093/imanum/dri020},
  volume        = {26},
  year          = {2006}
}
