@incollection{collet:94:nonlinear,
  author        = {Collet, P.},
  booktitle     = {Dynamics, bifurcation and symmetry ({C}arg\`ese, 1993)},
  doi           = {10.1007/978-94-011-0956-7\_8},
  mrclass       = {35K55 (35Q55)},
  mrnumber      = {1305369},
  mrreviewer    = {Igor Bock},
  pages         = {97--104},
  publisher     = {Kluwer Acad. Publ., Dordrecht},
  series        = {NATO Adv. Sci. Inst. Ser. C: Math. Phys. Sci.},
  title         = {Nonlinear parabolic evolutions in unbounded domains},
  url           = {https://doi.org/10.1007/978-94-011-0956-7_8},
  volume        = {437},
  year          = {1994}
}
