@article{colliander.oh:12:almost,
  author        = {Colliander, James and Oh, Tadahiro},
  doi           = {10.1215/00127094-1507400},
  fjournal      = {Duke Mathematical Journal},
  issn          = {0012-7094},
  journal       = {Duke Math. J.},
  mrclass       = {35Q55 (35B30 37L40 37L50)},
  mrnumber      = {2881226},
  mrreviewer    = {Luiz Gustavo Farah},
  number        = {3},
  pages         = {367--414},
  title         = {Almost sure well-posedness of the cubic nonlinear {S}chr\"{o}dinger equation below {$L^2(\Bbb T)$}},
  url           = {https://doi.org/10.1215/00127094-1507400},
  volume        = {161},
  year          = {2012}
}
