@article{comets.gantert.ea:00:quenched,
  author        = {Comets, Francis and Gantert, Nina and Zeitouni, Ofer},
  doi           = {10.1007/s004400000074},
  fjournal      = {Probability Theory and Related Fields},
  issn          = {0178-8051},
  journal       = {Probab. Theory Related Fields},
  mrclass       = {60G50 (60F10 60K37 82C44)},
  mrnumber      = {1785454},
  mrreviewer    = {Lajos Horv\'{a}th},
  number        = {1},
  pages         = {65--114},
  title         = {Quenched, annealed and functional large deviations for one-dimensional random walk in random environment},
  url           = {https://doi.org/10.1007/s004400000074},
  volume        = {118},
  year          = {2000}
}
