@article{comets.cosco.ea:20:renormalizing,
  author        = {Comets, Francis and Cosco, Cl\'{e}ment and Mukherjee, Chiranjib},
  doi           = {10.1007/s10955-020-02539-7},
  fjournal      = {Journal of Statistical Physics},
  issn          = {0022-4715},
  journal       = {J. Stat. Phys.},
  mrclass       = {60K35 (35K59 35Q82 35R60 60H15 82D60)},
  mrnumber      = {4099995},
  number        = {3},
  pages         = {713--728},
  title         = {Renormalizing the {K}ardar-{P}arisi-{Z}hang equation in {$d\geq3$} in weak disorder},
  url           = {https://doi.org/10.1007/s10955-020-02539-7},
  volume        = {179},
  year          = {2020}
}
