@article{comets.shiga.ea:03:directed,
  author        = {Comets, Francis and Shiga, Tokuzo and Yoshida, Nobuo},
  doi           = {10.3150/bj/1066223275},
  fjournal      = {Bernoulli. Official Journal of the Bernoulli Society for Mathematical Statistics and Probability},
  issn          = {1350-7265},
  journal       = {Bernoulli},
  mrclass       = {60K37 (82B41 82B44)},
  mrnumber      = {1996276},
  mrreviewer    = {Elena A. Zhizhina},
  number        = {4},
  pages         = {705--723},
  title         = {Directed polymers in a random environment: path localization and strong disorder},
  url           = {https://doi.org/10.3150/bj/1066223275},
  volume        = {9},
  year          = {2003}
}
