@article{comets.yoshida:13:localization,
 author = {Comets, Francis and Yoshida, Nobuo},
 doi = {10.1007/s00220-013-1744-8},
 fjournal = {Communications in Mathematical Physics},
 issn = {0010-3616},
 journal = {Comm. Math. Phys.},
 mrclass = {60K37 (60K35)},
 mrnumber = {3085670},
 mrreviewer = {Glauco Valle},
 number = {1},
 pages = {417--447},
 title = {Localization transition for polymers in {P}oissonian
medium},
 url = {https://doi.org/10.1007/s00220-013-1744-8},
 volume = {323},
 year = {2013}
}
