@article{comets.yoshida:06:directed,
  author        = {Comets, Francis and Yoshida, Nobuo},
  doi           = {10.1214/009117905000000828},
  fjournal      = {The Annals of Probability},
  issn          = {0091-1798},
  journal       = {Ann. Probab.},
  mrclass       = {60K37 (60J60 60K35 82C44 82D60)},
  mrnumber      = {2271480},
  mrreviewer    = {Marina Vachkovskaia},
  number        = {5},
  pages         = {1746--1770},
  title         = {Directed polymers in random environment are diffusive at weak disorder},
  url           = {https://doi.org/10.1214/009117905000000828},
  volume        = {34},
  year          = {2006}
}
