@article{comets.neveu:95:sherrington-kirkpatrick,
 author = {Comets, F. and Neveu, J.},
 fjournal = {Communications in Mathematical Physics},
 issn = {0010-3616},
 journal = {Comm. Math. Phys.},
 mrclass = {82B44 (60H30 82D30)},
 mrnumber = {1312435},
 mrreviewer = {Boguslaw Zegarlinski},
 number = {3},
 pages = {549--564},
 title = {The {S}herrington-{K}irkpatrick model of spin glasses and
stochastic calculus: the high temperature case},
 url = {http://projecteuclid.org/euclid.cmp/1104271703},
 volume = {166},
 year = {1995}
}
