@article{cong.liu:16:degenerate,
  author        = {Cong, Wenting and Liu, Jian-Guo},
  doi           = {10.3934/krm.2016012},
  fjournal      = {Kinetic and Related Models},
  issn          = {1937-5093},
  journal       = {Kinet. Relat. Models},
  mrclass       = {35M31 (35B44 35B45 35D30 35K92 92C17)},
  mrnumber      = {3543657},
  mrreviewer    = {Tsukasa Iwabuchi},
  number        = {4},
  pages         = {687--714},
  title         = {A degenerate {$p$}-{L}aplacian {K}eller-{S}egel model},
  url           = {https://doi.org/10.3934/krm.2016012},
  volume        = {9},
  year          = {2016}
}
