@article{conlon.olsen:96:brownian,
  author        = {Conlon, Joseph G. and Olsen, Peder A.},
  doi           = {10.1007/BF02179650},
  fjournal      = {Journal of Statistical Physics},
  issn          = {0022-4715},
  journal       = {J. Statist. Phys.},
  mrclass       = {82C41 (60J65 82C44 82D60)},
  mrnumber      = {1400180},
  mrreviewer    = {Wei-Shih Yang},
  number        = {3-4},
  pages         = {415--454},
  title         = {A {B}rownian motion version of the directed polymer problem},
  url           = {https://doi.org/10.1007/BF02179650},
  volume        = {84},
  year          = {1996}
}
