@article{constantin.peszat:00:global,
 author = {Constantin, Adrian and Peszat, Szymon},
 fjournal = {Differential and Integral Equations. An International Journal for Theory \& Applications},
 issn = {0893-4983},
 journal = {Differential Integral Equations},
 mrclass = {35K55 (35K15 35K90)},
 mrnumber = {1811950},
 mrreviewer = {Alan\ V.\ Lair},
 number = {1-3},
 pages = {99--114},
 title = {Global existence of solutions of semilinear parabolic evolution equations},
 volume = {13},
 year = {2000}
}
