@article{constantin.majda.ea:94:formation,
  author        = {Constantin, Peter and Majda, Andrew J. and Tabak, Esteban},
  fjournal      = {Nonlinearity},
  issn          = {0951-7715},
  journal       = {Nonlinearity},
  mrclass       = {76U05 (35Q35 76C15 76M25 86A10)},
  mrnumber      = {1304437},
  mrreviewer    = {J. Thomas Beale},
  number        = {6},
  pages         = {1495--1533},
  title         = {Formation of strong fronts in the {$2$}-{D} quasigeostrophic thermal active scalar},
  url           = {http://stacks.iop.org/0951-7715/7/1495},
  volume        = {7},
  year          = {1994}
}
