@article{constantin.wu:99:behavior,
  author        = {Constantin, Peter and Wu, Jiahong},
  doi           = {10.1137/S0036141098337333},
  fjournal      = {SIAM Journal on Mathematical Analysis},
  issn          = {0036-1410},
  journal       = {SIAM J. Math. Anal.},
  mrclass       = {76B03 (35Q35 76D03 86A10)},
  mrnumber      = {1709781},
  mrreviewer    = {Maria Elena Schonbek},
  number        = {5},
  pages         = {937--948},
  title         = {Behavior of solutions of 2{D} quasi-geostrophic equations},
  url           = {https://doi.org/10.1137/S0036141098337333},
  volume        = {30},
  year          = {1999}
}
