@article{contucci.giardina:05:spin-glass,
  author        = {Contucci, Pierluigi and Giardin\`a, Cristian},
  doi           = {10.1007/s00023-005-0229-5},
  fjournal      = {Annales Henri Poincar\'{e}. A Journal of Theoretical and Mathematical Physics},
  issn          = {1424-0637},
  journal       = {Ann. Henri Poincar\'{e}},
  mrclass       = {82B44 (82D30)},
  mrnumber      = {2219862},
  mrreviewer    = {Peter Eichelsbacher},
  number        = {5},
  pages         = {915--923},
  title         = {Spin-glass stochastic stability: a rigorous proof},
  url           = {https://doi.org/10.1007/s00023-005-0229-5},
  volume        = {6},
  year          = {2005}
}
