@article{conus.joseph.ea:14:initial,
 author = {Conus, Daniel and Joseph, Mathew and Khoshnevisan, Davar
and Shiu, Shang-Yuan},
 doi = {10.1214/12-AIHP505},
 fjournal = {Annales de l'Institut Henri Poincar\'{e} Probabilit\'{e}s
et Statistiques},
 issn = {0246-0203},
 journal = {Ann. Inst. Henri Poincar\'{e} Probab. Stat.},
 mrclass = {60H15},
 mrnumber = {3161526},
 mrreviewer = {Martin Ondrej\'{a}t},
 number = {1},
 pages = {136--153},
 title = {Initial measures for the stochastic heat equation},
 url = {https://doi.org/10.1214/12-AIHP505},
 volume = {50},
 year = {2014}
}
