@article{conus:13:moments,
 author = {Conus, Daniel},
 doi = {10.31390/cosa.7.1.08},
 fjournal = {Communications on Stochastic Analysis},
 journal = {Commun. Stoch. Anal.},
 mrclass = {60H15 (60H35)},
 mrnumber = {3080991},
 mrreviewer = {Markus Kunze},
 number = {1},
 pages = {125--152},
 title = {Moments for the parabolic {A}nderson model: on a result by
{H}u and {N}ualart},
 url = {https://doi.org/10.31390/cosa.7.1.08},
 volume = {7},
 year = {2013}
}
