@article{cooke.herzog.ea:17:geometric,
  author        = {Cooke, Ben and Herzog, David P. and Mattingly, Jonathan C. and McKinley, Scott A. and Schmidler, Scott C.},
  doi           = {10.4310/CMS.2017.v15.n7.a10},
  fjournal      = {Communications in Mathematical Sciences},
  issn          = {1539-6746,1945-0796},
  journal       = {Commun. Math. Sci.},
  mrclass       = {60H10 (37A60 82C31)},
  mrnumber      = {3717917},
  mrreviewer    = {Jiaorui\ Li},
  number        = {7},
  pages         = {1987--2025},
  title         = {Geometric ergodicity of two-dimensional {H}amiltonian systems with a {L}ennard-{J}ones-like repulsive potential},
  url           = {https://doi.org/10.4310/CMS.2017.v15.n7.a10},
  volume        = {15},
  year          = {2017}
}
