@article{corcuera.nualart.ea:05:completion,
  author        = {Corcuera, Jos\'{e} Manuel and Nualart, David and Schoutens, Wim},
  doi           = {10.1007/s00780-004-0139-2},
  fjournal      = {Finance and Stochastics},
  issn          = {0949-2984},
  journal       = {Finance Stoch.},
  mrclass       = {91B28 (60H10 60H30 91B16 91B26)},
  mrnumber      = {2210930},
  number        = {1},
  pages         = {109--127},
  title         = {Completion of a {L}\'{e}vy market by power-jump assets},
  url           = {https://doi.org/10.1007/s00780-004-0139-2},
  volume        = {9},
  year          = {2005}
}
