@article{corcuera.nualart.ea:14:asymptotics,
 author = {Corcuera, Jos\'{e} Manuel and Nualart, David and Podolskij, Mark},
 doi = {10.1685/journal.caim.486},
 fjournal = {Communications in Applied and Industrial Mathematics},
 journal = {Commun. Appl. Ind. Math.},
 mrclass = {60F17 (26A33)},
 mrnumber = {3277312},
 mrreviewer = {Allan Gut},
 number = {1},
 pages = {e-486, 11},
 title = {Asymptotics of weighted random sums},
 url = {https://doi.org/10.1685/journal.caim.486},
 volume = {6},
 year = {2014}
}
