@article{cordoba.fefferman:02:growth,
 author = {Cordoba, Diego and Fefferman, Charles},
 doi = {10.1090/S0894-0347-02-00394-6},
 fjournal = {Journal of the American Mathematical Society},
 issn = {0894-0347},
 journal = {J. Amer. Math. Soc.},
 mrclass = {76B03 (35Q35 76B99 76U05 76W05)},
 mrnumber = {1896236},
 mrreviewer = {Jiahong Wu},
 number = {3},
 pages = {665--670},
 title = {Growth of solutions for {QG} and 2{D} {E}uler equations},
 url = {https://doi.org/10.1090/S0894-0347-02-00394-6},
 volume = {15},
 year = {2002}
}
