@book{corea:93:networks,
  author        = {Corea, P.},
  publisher     = {Springer},
  title         = {Networks and Spatial Economics: Models and Applications},
  year          = {1993}
}
