@article{corwin.petrov:15:q-pushasep,
 author = {Corwin, Ivan and Petrov, Leonid},
 doi = {10.1007/s10955-015-1218-9},
 fjournal = {Journal of Statistical Physics},
 issn = {0022-4715},
 journal = {J. Stat. Phys.},
 mrclass = {82C22},
 mrnumber = {3373649},
 number = {4},
 pages = {1005--1026},
 title = {The {$q$}-{P}ush{ASEP}: a new integrable model for traffic
in {$1+1$} dimension},
 url = {https://doi.org/10.1007/s10955-015-1218-9},
 volume = {160},
 year = {2015}
}
