@article{corwin.quastel:13:crossover,
  author        = {Corwin, Ivan and Quastel, Jeremy},
  doi           = {10.1214/11-AOP725},
  fjournal      = {The Annals of Probability},
  issn          = {0091-1798},
  journal       = {Ann. Probab.},
  mrclass       = {60K35 (60H15)},
  mrnumber      = {3098678},
  mrreviewer    = {B. M. Gurevich},
  number        = {3A},
  pages         = {1243--1314},
  title         = {Crossover distributions at the edge of the rarefaction fan},
  url           = {https://doi.org/10.1214/11-AOP725},
  volume        = {41},
  year          = {2013}
}
