@article{corwin:15:q-hahn,
  author        = {Corwin, Ivan},
  doi           = {10.1093/imrn/rnu094},
  fjournal      = {International Mathematics Research Notices. IMRN},
  issn          = {1073-7928},
  journal       = {Int. Math. Res. Not. IMRN},
  mrclass       = {60K35},
  mrnumber      = {3384450},
  mrreviewer    = {Patr\'{i}cia Gon\c{c}alves},
  number        = {14},
  pages         = {5577--5603},
  title         = {The {$q$}-{H}ahn boson process and {\$q\$}-{H}ahn {TASEP}},
  url           = {https://doi.org/10.1093/imrn/rnu094},
  year          = {2015}
}
