@book{corwin:11:kardar-parisi-zhang,
 author = {Corwin, Ivan Zachary},
 isbn = {978-1267-04875-2},
 mrclass = {Thesis},
 mrnumber = {2982338},
 note = {Thesis (Ph.D.)--New York University},
 pages = {558},
 publisher = {ProQuest LLC, Ann Arbor, MI},
 title = {The {K}ardar-{P}arisi-{Z}hang {E}quation and
{U}niversality {C}lass},
 url = {http://gateway.proquest.com/openurl?url_ver=Z39.88-2004&rft_val_fmt=info:ofi/fmt:kev:mtx:dissertation&res_dat=xri:pqdiss&rft_dat=xri:pqdiss:3482869},
 year = {2011}
}
