@article{corwin.ghosal:20:lower,
 author = {Corwin, Ivan and Ghosal, Promit},
 doi = {10.1215/00127094-2019-0079},
 fjournal = {Duke Mathematical Journal},
 issn = {0012-7094,1547-7398},
 journal = {Duke Math. J.},
 mrclass = {35R60 (60B20 60H25 82C22)},
 mrnumber = {4094738},
 mrreviewer = {Le\ Chen},
 number = {7},
 pages = {1329--1395},
 title = {Lower tail of the {KPZ} equation},
 url = {https://doi.org/10.1215/00127094-2019-0079},
 volume = {169},
 year = {2020}
}
