@article{corwin.petrov:16:stochastic,
  author        = {Corwin, Ivan and Petrov, Leonid},
  doi           = {10.1007/s00220-015-2479-5},
  fjournal      = {Communications in Mathematical Physics},
  issn          = {0010-3616},
  journal       = {Comm. Math. Phys.},
  mrclass       = {82B23 (60K35 82C23)},
  mrnumber      = {3477349},
  mrreviewer    = {Aernout C. D. van Enter},
  number        = {2},
  pages         = {651--700},
  title         = {Stochastic higher spin vertex models on the line},
  url           = {https://doi.org/10.1007/s00220-015-2479-5},
  volume        = {343},
  year          = {2016}
}
