@article{corwin.petrov:19:correction,
 author = {Corwin, Ivan and Petrov, Leonid},
 doi = {10.1007/s00220-019-03532-2},
 fjournal = {Communications in Mathematical Physics},
 issn = {0010-3616},
 journal = {Comm. Math. Phys.},
 mrclass = {82B23 (60K35 82C23)},
 mrnumber = {4015348},
 number = {1},
 pages = {353--355},
 title = {Correction to: {S}tochastic higher spin vertex models on the line},
 url = {https://doi.org/10.1007/s00220-019-03532-2},
 volume = {371},
 year = {2019}
}
