@article{corwin.hammond:14:brownian,
  author        = {Corwin, Ivan and Hammond, Alan},
  doi           = {10.1007/s00222-013-0462-3},
  fjournal      = {Inventiones Mathematicae},
  issn          = {0020-9910},
  journal       = {Invent. Math.},
  mrclass       = {60K35 (60B05 60F05 60J65)},
  mrnumber      = {3152753},
  number        = {2},
  pages         = {441--508},
  title         = {Brownian {G}ibbs property for {A}iry line ensembles},
  url           = {https://doi.org/10.1007/s00222-013-0462-3},
  volume        = {195},
  year          = {2014}
}
