@article{cosco.seroussi.ea:21:directed,
 author = {Cosco, Cl\'{e}ment and Seroussi, Inbar and Zeitouni, Ofer},
 doi = {10.1007/s00220-021-04034-w},
 fjournal = {Communications in Mathematical Physics},
 issn = {0010-3616},
 journal = {Comm. Math. Phys.},
 mrclass = {05C63 (60K37 82D60)},
 mrnumber = {4287190},
 mrreviewer = {Adam Matthew Bowditch},
 number = {1},
 pages = {395--432},
 title = {Directed polymers on infinite graphs},
 url = {https://doi.org/10.1007/s00220-021-04034-w},
 volume = {386},
 year = {2021}
}
