@book{courant.hilbert:62:methods,
  author        = {Courant, R. and Hilbert, D.},
  mrclass       = {35.00},
  mrnumber      = {140802},
  mrreviewer    = {M. J. Lighthill},
  note          = {(Vol. II by R. Courant.)},
  pages         = {xxii+830},
  publisher     = {Interscience Publishers (a division of John Wiley \& Sons, Inc.), New York-London},
  title         = {Methods of mathematical physics. {V}ol. {II}: {P}artial differential equations},
  year          = {1962}
}
