@book{cover.thomas:06:elements,
  author        = {Cover, Thomas M. and Thomas, Joy A.},
  edition       = {Second},
  isbn          = {978-0-471-24195-9; 0-471-24195-4},
  mrclass       = {00-01 (94-01)},
  mrnumber      = {2239987},
  pages         = {xxiv+748},
  publisher     = {Wiley-Interscience [John Wiley \& Sons], Hoboken, NJ},
  title         = {Elements of information theory},
  year          = {2006}
}
