@article{cox.fleischmann.ea:96:comparison,
  author        = {Cox, J. Theodore and Fleischmann, Klaus and Greven, Andreas},
  doi           = {10.1007/BF01191911},
  fjournal      = {Probability Theory and Related Fields},
  issn          = {0178-8051},
  journal       = {Probab. Theory Related Fields},
  mrclass       = {60J15 (60J60)},
  mrnumber      = {1402655},
  mrreviewer    = {Anton Wakolbinger},
  number        = {4},
  pages         = {513--528},
  title         = {Comparison of interacting diffusions and an application to their ergodic theory},
  url           = {https://doi.org/10.1007/BF01191911},
  volume        = {105},
  year          = {1996}
}
