@article{cox.veraar:11:vector-valued,
  author        = {Cox, Sonja and Veraar, Mark},
  fjournal      = {Illinois Journal of Mathematics},
  issn          = {0019-2082,1945-6581},
  journal       = {Illinois J. Math.},
  mrclass       = {60E15 (46B09 60B11 60G42 60H05)},
  mrnumber      = {3006692},
  mrreviewer    = {Byoung\ Soo\ Kim},
  number        = {1},
  pages         = {343--375},
  title         = {Vector-valued decoupling and the {B}urkholder-{D}avis-{G}undy inequality},
  url           = {http://projecteuclid.org/euclid.ijm/1355927040},
  volume        = {55},
  year          = {2011}
}
