@article{coyle:96:continuous,
  author        = {Coyle, Lester N.},
  doi           = {10.1016/S0304-4149(96)00084-1},
  fjournal      = {Stochastic Processes and their Applications},
  issn          = {0304-4149},
  journal       = {Stochastic Process. Appl.},
  mrclass       = {60J15 (60F05)},
  mrnumber      = {1424236},
  mrreviewer    = {Anton Bovier},
  number        = {2},
  pages         = {209--235},
  title         = {A continuous time version of random walks in a random potential},
  url           = {https://doi.org/10.1016/S0304-4149(96)00084-1},
  volume        = {64},
  year          = {1996}
}
