@article{craiem.rojo.ea:08:fractional-order,
 author = {Damian Craiem and Francisco J Rojo and Jos\'{e} Miguel Atienza and Ricardo L Armentano and Gustavo V Guinea},
 doi = {10.1088/0031-9155/53/17/006},
 journal = {Physics in Medicine \& Biology},
 month = {aug},
 number = {17},
 pages = {4543},
 title = {Fractional-order viscoelasticity applied to describe uniaxial stress relaxation of human arteries},
 url = {https://dx.doi.org/10.1088/0031-9155/53/17/006},
 volume = {53},
 year = {2008}
}
