@article{cranston.wang:00:condition,
 author = {Cranston, M. and Wang, Feng-Yu},
 doi = {10.1214/aop/1019160502},
 fjournal = {The Annals of Probability},
 issn = {0091-1798,2168-894X},
 journal = {Ann. Probab.},
 mrclass = {60J60 (60J05 60J25 60J45)},
 mrnumber = {1813838},
 mrreviewer = {M.\ G.\ Shur},
 number = {4},
 pages = {1666--1679},
 title = {A condition for the equivalence of coupling and shift
coupling},
 url = {https://doi.org/10.1214/aop/1019160502},
 volume = {28},
 year = {2000}
}
