@article{cranston.le-jan:95:self-attracting,
 author = {Cranston, M. and Le Jan, Y.},
 doi = {10.1007/BF01460980},
 fjournal = {Mathematische Annalen},
 issn = {0025-5831,1432-1807},
 journal = {Math. Ann.},
 mrclass = {60H10 (60F15 60J60)},
 mrnumber = {1348356},
 mrreviewer = {Qingji\ Yang},
 number = {1},
 pages = {87--93},
 title = {Self-attracting diffusions: two case studies},
 url = {https://doi.org/10.1007/BF01460980},
 volume = {303},
 year = {1995}
}
