@incollection{cranston.kendall.ea:96:gromovs,
 author = {Cranston, M. and Kendall, W. S. and Kifer, Yu.},
 booktitle = {Stochastic analysis and applications ({P}owys, 1995)},
 isbn = {981-02-2560-1},
 mrclass = {58G32 (58E20 60J65)},
 mrnumber = {1453129},
 mrreviewer = {Elton\ Pei\ Hsu},
 pages = {139--164},
 publisher = {World Sci. Publ., River Edge, NJ},
 title = {Gromov's hyperbolicity and {P}icard's little theorem for
harmonic maps},
 year = {1996}
}
