@article{cranston.gess.ea:16:weak,
 author = {Cranston, Michael and Gess, Benjamin and Scheutzow, Michael},
 doi = {10.3934/dcdsb.2016084},
 fjournal = {Discrete and Continuous Dynamical Systems. Series B. A Journal Bridging Mathematics and Sciences},
 issn = {1531-3492,1553-524X},
 journal = {Discrete Contin. Dyn. Syst. Ser. B},
 mrclass = {37H10 (34D06 34D08 60H10 60J60)},
 mrnumber = {3567798},
 mrreviewer = {Xiaoying\ Han},
 number = {9},
 pages = {3003--3014},
 title = {Weak synchronization for isotropic flows},
 url = {https://doi.org/10.3934/dcdsb.2016084},
 volume = {21},
 year = {2016}
}
