@article{cranston.hryniv.ea:09:homo-,
  author        = {Cranston, M. and Hryniv, O. and Molchanov, S.},
  fjournal      = {Markov Processes and Related Fields},
  issn          = {1024-2953},
  journal       = {Markov Process. Related Fields},
  mrclass       = {60K35 (82B44)},
  mrnumber      = {2538314},
  mrreviewer    = {Giambattista\ Giacomin},
  number        = {2},
  pages         = {205--224},
  title         = {Homo- and hetero-polymers in the mean-field approximation},
  volume        = {15},
  year          = {2009}
}
