@article{cranston.le-jan:90:noncoalescence,
 author = {Cranston, M. and Le Jan, Y.},
 doi = {10.1007/BF01198431},
 fjournal = {Probability Theory and Related Fields},
 issn = {0178-8051,1432-2064},
 journal = {Probab. Theory Related Fields},
 mrclass = {60H10 (60G17 60J55 60J65)},
 mrnumber = {1080491},
 mrreviewer = {H.-J.\ Engelbert},
 number = {2},
 pages = {241--252},
 title = {Noncoalescence for the {S}korohod equation in a convex domain of {${\bf R}^2$}},
 url = {https://doi.org/10.1007/BF01198431},
 volume = {87},
 year = {1990}
}
