@incollection{cranston.molchanov:07:on,
 author = {Cranston, M. and Molchanov, S.},
 booktitle = {Probability and mathematical physics},
 doi = {10.1090/crmp/042/05},
 isbn = {978-0-8218-4089-4},
 mrclass = {60K35 (60K40 82B41 82D60)},
 mrnumber = {2352264},
 mrreviewer = {Giambattista\ Giacomin},
 pages = {97--112},
 publisher = {Amer. Math. Soc., Providence, RI},
 series = {CRM Proc. Lecture Notes},
 title = {On phase transitions and limit theorems for homopolymers},
 url = {https://doi.org/10.1090/crmp/042/05},
 volume = {42},
 year = {2007}
}
