@article{cranston.fabes.ea:86:potential,
  author        = {Cranston, M. and Fabes, E. and Zhao, Z.},
  doi           = {10.1090/S0273-0979-1986-15478-9},
  fjournal      = {American Mathematical Society. Bulletin. New Series},
  issn          = {0273-0979,1088-9485},
  journal       = {Bull. Amer. Math. Soc. (N.S.)},
  mrclass       = {60J45 (31B35)},
  mrnumber      = {854557},
  mrreviewer    = {M.\ Fukushima},
  number        = {2},
  pages         = {213--216},
  title         = {Potential theory for the {S}chr\"{o}dinger equation},
  url           = {https://doi.org/10.1090/S0273-0979-1986-15478-9},
  volume        = {15},
  year          = {1986}
}
