@article{cranston.li:97:eigenfunction,
  author        = {Cranston, Michael and Li, Yi},
  doi           = {10.1080/03605309708821321},
  fjournal      = {Communications in Partial Differential Equations},
  issn          = {0360-5302,1532-4133},
  journal       = {Comm. Partial Differential Equations},
  mrclass       = {35J05 (35B45 35P15)},
  mrnumber      = {1629490},
  mrreviewer    = {Ya.\ A.\ Rou{i}tberg},
  number        = {11-12},
  pages         = {1805--1836},
  title         = {Eigenfunction and harmonic function estimates in domains with horns and cusps},
  url           = {https://doi.org/10.1080/03605309708821321},
  volume        = {22},
  year          = {1997}
}
