@incollection{cranston.le-jan:89:simultaneous,
  author        = {Cranston, M. and Le Jan, Y.},
  booktitle     = {S\'{e}minaire de {P}robabilit\'{e}s, {XXIII}},
  doi           = {10.1007/BFb0083975},
  isbn          = {3-540-51191-1},
  mrclass       = {60J65},
  mrnumber      = {1022913},
  mrreviewer    = {Terry\ R.\ McConnell},
  pages         = {234--238},
  publisher     = {Springer, Berlin},
  series        = {Lecture Notes in Math.},
  title         = {Simultaneous boundary hitting for a two point reflecting {B}rownian motion},
  url           = {https://doi.org/10.1007/BFb0083975},
  volume        = {1372},
  year          = {1989}
}
