@article{cranston.mueller:10:on,
 author = {Cranston, M. and Mueller, G.},
 fjournal = {Illinois Journal of Mathematics},
 issn = {0019-2082,1945-6581},
 journal = {Illinois J. Math.},
 mrclass = {60F05 (60G60 60H15)},
 mrnumber = {2981849},
 mrreviewer = {Jiang\ Lun\ Wu},
 number = {4},
 pages = {1313--1328},
 title = {On the association and central limit theorem for solutions
of the parabolic {A}nderson model},
 url = {http://projecteuclid.org/euclid.ijm/1348505530},
 volume = {54},
 year = {2010}
}
