@article{cranston.mountford.ea:02:lyapunov,
 author = {Cranston, M. and Mountford, T. S. and Shiga, T.},
 fjournal = {Acta Mathematica Universitatis Comenianae. New Series},
 issn = {0862-9544},
 journal = {Acta Math. Univ. Comenian. (N.S.)},
 mrclass = {60H15 (60G15 60H30 60K35 82B44)},
 mrnumber = {1980378},
 mrreviewer = {Anna Karczewska},
 number = {2},
 pages = {163--188},
 title = {Lyapunov exponents for the parabolic {A}nderson model},
 volume = {71},
 year = {2002}
}
