@article{cranston.mcconnell:83:lifetime,
 author = {Cranston, M. and McConnell, T. R.},
 doi = {10.1007/BF00534989},
 fjournal = {Zeitschrift f\"{u}r Wahrscheinlichkeitstheorie und
Verwandte Gebiete},
 issn = {0044-3719},
 journal = {Z. Wahrsch. Verw. Gebiete},
 mrclass = {60J65 (60G17)},
 mrnumber = {717928},
 mrreviewer = {Chull\ Park},
 number = {1},
 pages = {1--11},
 title = {The lifetime of conditioned {B}rownian motion},
 url = {https://doi.org/10.1007/BF00534989},
 volume = {65},
 year = {1983}
}
