@incollection{cranston.mueller:88:review,
  author        = {Cranston, M. and Mueller, C.},
  booktitle     = {Geometry of random motion ({I}thaca, {N}.{Y}., 1987)},
  doi           = {10.1090/conm/073/954624},
  mrclass       = {35J15 (31C12 53C20 58G30)},
  mrnumber      = {954624},
  mrreviewer    = {Rainer Wittmann},
  pages         = {9--19},
  publisher     = {Amer. Math. Soc., Providence, RI},
  series        = {Contemp. Math.},
  title         = {A review of recent and older results on the absolute continuity of harmonic measure},
  url           = {https://doi.org/10.1090/conm/073/954624},
  volume        = {73},
  year          = {1988}
}
