@article{cranston.le-jan:09:central,
  author        = {Cranston, M. and Le Jan, Yves},
  doi           = {10.1016/j.spa.2009.07.006},
  fjournal      = {Stochastic Processes and their Applications},
  issn          = {0304-4149,1879-209X},
  journal       = {Stochastic Process. Appl.},
  mrclass       = {60F05 (60E07 60F10 60G60 60G70)},
  mrnumber      = {2568295},
  mrreviewer    = {Ming\ Liao},
  number        = {10},
  pages         = {3767--3784},
  title         = {A central limit theorem for isotropic flows},
  url           = {https://doi.org/10.1016/j.spa.2009.07.006},
  volume        = {119},
  year          = {2009}
}
