@article{cranston.mountford:06:lyapunov,
  author        = {Cranston, M. and Mountford, T. S.},
  doi           = {10.1016/j.jfa.2006.01.007},
  fjournal      = {Journal of Functional Analysis},
  issn          = {0022-1236,1096-0783},
  journal       = {J. Funct. Anal.},
  mrclass       = {60H15 (82B44)},
  mrnumber      = {2227130},
  mrreviewer    = {Carlos\ M.\ Mora Gonz\'{a}lez},
  number        = {1},
  pages         = {78--119},
  title         = {Lyapunov exponent for the parabolic {A}nderson model in {$\bold R^d$}},
  url           = {https://doi.org/10.1016/j.jfa.2006.01.007},
  volume        = {236},
  year          = {2006}
}
