@book{cranston:80:on,
  author        = {Cranston, Michael Craig},
  mrclass       = {99-05},
  mrnumber      = {2630866},
  note          = {Thesis (Ph.D.)--University of Minnesota},
  pages         = {98},
  publisher     = {ProQuest LLC, Ann Arbor, MI},
  title         = {O{N} {THE} {TAIL} {SIGMA}-{FIELD} {OF} {CERTAIN} {DIFFUSION} {PROCESSES}},
  url           = {http://gateway.proquest.com/openurl?url\_ver=Z39.88-2004\&rft\_val\_fmt=info:ofi/fmt:kev:mtx:dissertation\&res\_dat=xri:pqdiss\&rft\_dat=xri:pqdiss:8102082},
  year          = {1980}
}
