@article{cranston.salisbury:93:martin,
  author        = {Cranston, Michael C. and Salisbury, Thomas S.},
  doi           = {10.1007/BF02559496},
  fjournal      = {Arkiv f\"{o}r Matematik},
  issn          = {0004-2080,1871-2487},
  journal       = {Ark. Mat.},
  mrclass       = {31A05 (31C35 60J50)},
  mrnumber      = {1230263},
  mrreviewer    = {Stephen\ J.\ Gardiner},
  number        = {1},
  pages         = {27--49},
  title         = {Martin boundaries of sectorial domains},
  url           = {https://doi.org/10.1007/BF02559496},
  volume        = {31},
  year          = {1993}
}
