@article{cranston.gauthier.ea:09:on,
 author = {Cranston, M. and Gauthier, D. and Mountford, T. S.},
 doi = {10.1214/08-AAP535},
 fjournal = {The Annals of Applied Probability},
 issn = {1050-5164,2168-8737},
 journal = {Ann. Appl. Probab.},
 mrclass = {60F10 (60K35 60K37)},
 mrnumber = {2521889},
 mrreviewer = {Peter\ Eichelsbacher},
 number = {2},
 pages = {826--862},
 title = {On large deviation regimes for random media models},
 url = {https://doi.org/10.1214/08-AAP535},
 volume = {19},
 year = {2009}
}
