@article{cranston.mountford.ea:14:contact,
  author        = {Cranston, Michael and Mountford, Thomas and Mourrat, Jean-Christophe and Valesin, Daniel},
  fjournal      = {ALEA. Latin American Journal of Probability and Mathematical Statistics},
  issn          = {1980-0436},
  journal       = {ALEA Lat. Am. J. Probab. Math. Stat.},
  mrclass       = {60K35 (05C05 82C22)},
  mrnumber      = {3249416},
  mrreviewer    = {N.\ N.\ Ganikhodjaev},
  number        = {1},
  pages         = {385--408},
  title         = {The contact process on finite homogeneous trees revisited},
  volume        = {11},
  year          = {2014}
}
