@article{cranston:85:lifetime,
  author        = {Cranston, M.},
  doi           = {10.1007/BF00534865},
  fjournal      = {Zeitschrift f\"{u}r Wahrscheinlichkeitstheorie und Verwandte Gebiete},
  issn          = {0044-3719},
  journal       = {Z. Wahrsch. Verw. Gebiete},
  mrclass       = {60J65 (31B05)},
  mrnumber      = {803674},
  mrreviewer    = {L.\ C. G. Rogers},
  number        = {3},
  pages         = {335--340},
  title         = {Lifetime of conditioned {B}rownian motion in {L}ipschitz domains},
  url           = {https://doi.org/10.1007/BF00534865},
  volume        = {70},
  year          = {1985}
}
