@article{cranston.peltzer:22:on,
 author = {Cranston, Michael and Peltzer, Adrien},
 doi = {10.1216/rmj.2022.52.843},
 fjournal = {The Rocky Mountain Journal of Mathematics},
 issn = {0035-7596,1945-3795},
 journal = {Rocky Mountain J. Math.},
 mrclass = {11M06 (11K65 60B99)},
 mrnumber = {4441101},
 number = {3},
 pages = {843--875},
 title = {On properties of the {R}iemann zeta distribution},
 url = {https://doi.org/10.1216/rmj.2022.52.843},
 volume = {52},
 year = {2022}
}
