@incollection{crauel.flandoli:95:dissipativity,
 author = {Crauel, Hans and Flandoli, Franco},
 booktitle = {Seminar on {S}tochastic {A}nalysis, {R}andom {F}ields and
{A}pplications ({A}scona, 1993)},
 isbn = {3-7643-5241-8},
 mrclass = {35Q30 (34D45 34G20 35R60 47H20 58F39 60H15 76D05)},
 mrnumber = {1360267},
 mrreviewer = {Marek\ Capi\'{n}ski},
 pages = {67--76},
 publisher = {Birkh\"{a}user, Basel},
 series = {Progr. Probab.},
 title = {Dissipativity of three-dimensional stochastic
{N}avier-{S}tokes equation},
 volume = {36},
 year = {1995}
}
