@article{csorgo:81:limit,
  author        = {Cs\"{o}rg\H{o}, S\'{a}ndor},
  fjournal      = {The Annals of Probability},
  issn          = {0091-1798},
  journal       = {Ann. Probab.},
  mrclass       = {60F15 (62G99)},
  mrnumber      = {606802},
  mrreviewer    = {Jon A. Wellner},
  number        = {1},
  pages         = {130--144},
  title         = {Limit behaviour of the empirical characteristic function},
  url           = {http://links.jstor.org/sici?sici=0091-1798(198102)9:1<130:LBOTEC>2.0.CO;2-7\&origin=MSN},
  volume        = {9},
  year          = {1981}
}
