@article{cuevas.silva.ea:20:on,
 author = {Cuevas, Claudio and Silva, Clessius and Soto, Herme},
 doi = {10.1002/mma.5959},
 fjournal = {Mathematical Methods in the Applied Sciences},
 issn = {0170-4214},
 journal = {Math. Methods Appl. Sci.},
 mrclass = {35R11 (92C17)},
 mrnumber = {4056463},
 number = {2},
 pages = {769--798},
 title = {On the time-fractional {K}eller-{S}egel model for
chemotaxis},
 url = {https://doi.org/10.1002/mma.5959},
 volume = {43},
 year = {2020}
}
