@article{culik:65:use,
 author = {\v{C}ul\'{i}k, K.},
 fjournal = {Problemy Kibernetiki},
 journal = {Problemy Kibernet.},
 mrclass = {94.50},
 mrnumber = {202506},
 mrreviewer = {R. See},
 pages = {221--232},
 title = {The use of abstract semantics and theory of graphs in
multilingual translation dictionaries},
 volume = {13},
 year = {1965}
}
