@article{da-prato.debussche.ea:02:some,
  author        = {Da Prato, Giuseppe and Debussche, Arnaud and Goldys, Beniamin},
  doi           = {10.1007/s004400100188},
  fjournal      = {Probability Theory and Related Fields},
  issn          = {0178-8051,1432-2064},
  journal       = {Probab. Theory Related Fields},
  mrclass       = {60H15 (35K57 35R60 37L40)},
  mrnumber      = {1918538},
  mrreviewer    = {Catherine\ Donati-Martin},
  number        = {3},
  pages         = {355--380},
  title         = {Some properties of invariant measures of non symmetric dissipative stochastic systems},
  url           = {https://doi.org/10.1007/s004400100188},
  volume        = {123},
  year          = {2002}
}
