@book{da-prato.zabczyk:92:stochastic,
 author = {Da Prato, Giuseppe and Zabczyk, Jerzy},
 doi = {10.1017/CBO9780511666223},
 isbn = {0-521-38529-6},
 mrclass = {60H15 (34F05 34Gxx 35R15 35R60 46G12 47N20)},
 mrnumber = {1207136},
 mrreviewer = {P. Kotelenez},
 pages = {xviii+454},
 publisher = {Cambridge University Press, Cambridge},
 series = {Encyclopedia of Mathematics and its Applications},
 title = {Stochastic equations in infinite dimensions},
 url = {https://doi.org/10.1017/CBO9780511666223},
 volume = {44},
 year = {1992}
}
