@incollection{da-prato:02:monotone,
  author        = {Da Prato, G.},
  booktitle     = {Seminar on {S}tochastic {A}nalysis, {R}andom {F}ields and {A}pplications, {III} ({A}scona, 1999)},
  mrclass       = {47D07 (34G10 35K90 47B25 60H10)},
  mrnumber      = {1958810},
  mrreviewer    = {Sandra Cerrai},
  pages         = {73--88},
  publisher     = {Birkh\"{a}user, Basel},
  series        = {Progr. Probab.},
  title         = {Monotone gradient systems in {$L^2$} spaces},
  volume        = {52},
  year          = {2002}
}
