@book{da-prato.rockner:08:spde,
  author        = {Da Prato, Giuseppe and R\"{o}ckner, Michael},
  doi           = {10.1007/978-3-540-78493-7},
  isbn          = {978-3-540-78492-0},
  mrclass       = {76M35 (60-06 60H15 76-06 76D05)},
  mrnumber      = {2459087},
  note          = {Lectures given at the C.I.M.E. Summer School held in Cetraro, August 29--September 3, 2005},
  pages         = {viii+166},
  publisher     = {Springer-Verlag, Berlin; Fondazione C.I.M.E., Florence},
  series        = {Lecture Notes in Mathematics},
  title         = {S{PDE} in hydrodynamic: recent progress and prospects},
  url           = {https://doi.org/10.1007/978-3-540-78493-7},
  volume        = {1942},
  year          = {2008}
}
