@article{da-prato.zabczyk:92:nonexplosion,
 author = {Da Prato, Giuseppe and Zabczyk, Jerzy},
 doi = {10.1016/0022-0396(92)90111-Y},
 fjournal = {Journal of Differential Equations},
 issn = {0022-0396},
 journal = {J. Differential Equations},
 mrclass = {60H15 (34F05 35R60)},
 mrnumber = {1168978},
 mrreviewer = {Ralf Manthey},
 number = {1},
 pages = {181--195},
 title = {Nonexplosion, boundedness, and ergodicity for stochastic semilinear equations},
 url = {https://doi.org/10.1016/0022-0396(92)90111-Y},
 volume = {98},
 year = {1992}
}
