@article{da-prato.malliavin.ea:92:compact,
  author        = {Da Prato, Giuseppe and Malliavin, Paul and Nualart, David},
  fjournal      = {Comptes Rendus de l'Acad\'{e}mie des Sciences. S\'{e}rie I. Math\'{e}matique},
  issn          = {0764-4442},
  journal       = {C. R. Acad. Sci. Paris S\'{e}r. I Math.},
  mrclass       = {60H10 (46N30)},
  mrnumber      = {1194537},
  mrreviewer    = {Ana Bela Cruzeiro},
  number        = {12},
  pages         = {1287--1291},
  title         = {Compact families of {W}iener functionals},
  volume        = {315},
  year          = {1992}
}
