@article{da-prato.tubaro:00:self-adjointness,
 author = {Da Prato, Giuseppe and Tubaro, Luciano},
 doi = {10.1007/PL00008739},
 fjournal = {Probability Theory and Related Fields},
 issn = {0178-8051},
 journal = {Probab. Theory Related Fields},
 mrclass = {47B25 (81S20)},
 mrnumber = {1785456},
 mrreviewer = {Vladimir I. Bogachev},
 number = {1},
 pages = {131--145},
 title = {Self-adjointness of some infinite-dimensional elliptic
operators and application to stochastic quantization},
 url = {https://doi.org/10.1007/PL00008739},
 volume = {118},
 year = {2000}
}
