@article{da-prato.flandoli.ea:21:continuity,
 author = {Da Prato, Giuseppe and Flandoli, Franco and R\"{o}ckner,
Michael},
 doi = {10.1007/s40072-020-00173-8},
 fjournal = {Stochastic Partial Differential Equations. Analysis and
Computations},
 issn = {2194-0401,2194-041X},
 journal = {Stoch. Partial Differ. Equ. Anal. Comput.},
 mrclass = {35Q31 (76B03)},
 mrnumber = {4261332},
 mrreviewer = {Xinyu\ He},
 number = {2},
 pages = {491--509},
 title = {Continuity equation in {L}log{L} for the 2{D} {E}uler
equations under the enstrophy measure},
 url = {https://doi.org/10.1007/s40072-020-00173-8},
 volume = {9},
 year = {2021}
}
