@article{da-prato.zabczyk:97:differentiability,
 author = {Da Prato, Giuseppe and Zabczyk, Jerzy},
 fjournal = {Atti della Accademia Nazionale dei Lincei. Classe di
Scienze Fisiche, Matematiche e Naturali. Rendiconti Lincei.
Serie IX. Matematica e Applicazioni},
 issn = {1120-6330},
 journal = {Atti Accad. Naz. Lincei Cl. Sci. Fis. Mat. Natur. Rend.
Lincei (9) Mat. Appl.},
 mrclass = {49L20 (35R15 47D06 47N70)},
 mrnumber = {1611613},
 mrreviewer = {Piermarco Cannarsa},
 number = {3},
 pages = {183--188},
 title = {Differentiability of the {F}eynman-{K}ac semigroup and a
control application},
 volume = {8},
 year = {1997}
}
