@article{da-prato.kwapien.ea:87:regularity,
 author = {Da Prato, G. and Kwapie\'{n}, S. and Zabczyk, J.},
 doi = {10.1080/17442508708833480},
 fjournal = {Stochastics},
 issn = {0090-9491},
 journal = {Stochastics},
 mrclass = {60H20 (47D05)},
 mrnumber = {920798},
 mrreviewer = {Constantin Tudor},
 number = {1},
 pages = {1--23},
 title = {Regularity of solutions of linear stochastic equations in {H}ilbert spaces},
 url = {https://doi.org/10.1080/17442508708833480},
 volume = {23},
 year = {1987}
}
