@incollection{da-prato.zabczyk:92:on,
  author        = {Da Prato, Giuseppe and Zabczyk, Jerzy},
  booktitle     = {Stochastic partial differential equations and their applications ({C}harlotte, {NC}, 1991)},
  doi           = {10.1007/BFb0007318},
  mrclass       = {60H15 (34F05 34G10 47N20)},
  mrnumber      = {1176769},
  pages         = {38--42},
  publisher     = {Springer, Berlin},
  series        = {Lect. Notes Control Inf. Sci.},
  title         = {On invariant measure for semilinear equations with dissipative nonlinearities},
  url           = {https://doi.org/10.1007/BFb0007318},
  volume        = {176},
  year          = {1992}
}
