@article{da-prato.flandoli.ea:16:strong,
 author = {Da Prato, G. and Flandoli, F. and R\"{o}ckner, M. and
Veretennikov, A. Yu.},
 doi = {10.1214/15-AOP1016},
 fjournal = {The Annals of Probability},
 issn = {0091-1798,2168-894X},
 journal = {Ann. Probab.},
 mrclass = {60H15 (31C25 35R60 60J25)},
 mrnumber = {3502599},
 mrreviewer = {Isamu\ D\^{o}ku},
 number = {3},
 pages = {1985--2023},
 title = {Strong uniqueness for {SDE}s in {H}ilbert spaces with
nonregular drift},
 url = {https://doi.org/10.1214/15-AOP1016},
 volume = {44},
 year = {2016}
}
