@article{dahlke.devore:97:besov,
  author        = {Dahlke, Stephan and DeVore, Ronald A.},
  doi           = {10.1080/03605309708821252},
  fjournal      = {Communications in Partial Differential Equations},
  issn          = {0360-5302},
  journal       = {Comm. Partial Differential Equations},
  mrclass       = {35J25 (31B10 35B65 46N20 65N30)},
  mrnumber      = {1434135},
  number        = {1-2},
  pages         = {1--16},
  title         = {Besov regularity for elliptic boundary value problems},
  url           = {https://doi.org/10.1080/03605309708821252},
  volume        = {22},
  year          = {1997}
}
