@article{dahlberg:79:lq-estimates,
 author = {Dahlberg, Bj\"{o}rn E. J.},
 doi = {10.7146/math.scand.a-11800},
 fjournal = {Mathematica Scandinavica},
 issn = {0025-5521},
 journal = {Math. Scand.},
 mrclass = {31B15},
 mrnumber = {544584},
 mrreviewer = {Jang Mei G. Wu},
 number = {1},
 pages = {149--170},
 title = {{$L^{q}$}-estimates for {G}reen potentials in {L}ipschitz
domains},
 url = {https://doi.org/10.7146/math.scand.a-11800},
 volume = {44},
 year = {1979}
}
