@incollection{dalang:84:sur,
 author = {Dalang, Robert C.},
 booktitle = {Seminar on probability, {XVIII}},
 doi = {10.1007/BFb0100055},
 mrclass = {60G40},
 mrnumber = {770972},
 mrreviewer = {Robert Kertz},
 pages = {379--390},
 publisher = {Springer, Berlin},
 series = {Lecture Notes in Math.},
 title = {Sur l'arr\^{e}t optimal de processus \`a temps
multidimensionnel continu},
 url = {https://doi.org/10.1007/BFb0100055},
 volume = {1059},
 year = {1984}
}
