@article{dalang.mountford:02:eccentric,
 author = {Dalang, Robert C. and Mountford, T.},
 doi = {10.1214/aop/1020107769},
 fjournal = {The Annals of Probability},
 issn = {0091-1798},
 journal = {Ann. Probab.},
 mrclass = {60G60 (28A80 60G15)},
 mrnumber = {1894109},
 mrreviewer = {Rimas Norvai\v{s}a},
 number = {1},
 pages = {293--322},
 title = {Eccentric behaviors of the {B}rownian sheet along lines},
 url = {https://doi.org/10.1214/aop/1020107769},
 volume = {30},
 year = {2002}
}
