@article{dalang.mueller.ea:21:polarity,
 author = {Dalang, Robert C. and Mueller, Carl and Xiao, Yimin},
 doi = {10.1214/21-aop1516},
 fjournal = {The Annals of Probability},
 issn = {0091-1798},
 journal = {Ann. Probab.},
 mrclass = {60H15 (60G60 60J45)},
 mrnumber = {4317713},
 mrreviewer = {Isamu D\^{o}ku},
 number = {5},
 pages = {2573--2598},
 title = {Polarity of almost all points for systems of nonlinear
stochastic heat equations in the critical dimension},
 url = {https://doi.org/10.1214/21-aop1516},
 volume = {49},
 year = {2021}
}
