@article{dalang:88:on,
 author = {Dalang, Robert C.},
 doi = {10.1080/17442508808833517},
 fjournal = {Stochastics},
 issn = {0090-9491},
 journal = {Stochastics},
 mrclass = {60G07 (90C40)},
 mrnumber = {972476},
 mrreviewer = {Nicholas Frangos},
 number = {3},
 pages = {245--268},
 title = {On stopping points in the plane that lie on a unique optional increasing path},
 url = {https://doi.org/10.1080/17442508808833517},
 volume = {24},
 year = {1988}
}
