@article{dalang.khoshnevisan.ea:13:hitting,
 author = {Dalang, Robert C. and Khoshnevisan, Davar and Nualart,
Eulalia},
 doi = {10.1007/s40072-013-0005-3},
 fjournal = {Stochastic Partial Differential Equations. Analysis and
Computations},
 issn = {2194-0401},
 journal = {Stoch. Partial Differ. Equ. Anal. Comput.},
 mrclass = {60H15 (35K45 35R60 60G60 60H07 60J45)},
 mrnumber = {3327503},
 mrreviewer = {Jie Xiong},
 number = {1},
 pages = {94--151},
 title = {Hitting probabilities for systems of non-linear stochastic
heat equations in spatial dimension {$k\geq 1$}},
 url = {https://doi.org/10.1007/s40072-013-0005-3},
 volume = {1},
 year = {2013}
}
