@article{dalang:17:srishti,
  author        = {Dalang, Robert C.},
  doi           = {10.1016/j.exmath.2017.11.001},
  fjournal      = {Expositiones Mathematicae},
  issn          = {0723-0869},
  journal       = {Expo. Math.},
  mrclass       = {01A70},
  mrnumber      = {3725813},
  number        = {4},
  pages         = {363},
  title         = {Srishti {D}har {C}hatterji (1935--2017)},
  url           = {https://doi.org/10.1016/j.exmath.2017.11.001},
  volume        = {35},
  year          = {2017}
}
