@proceedings{dalang.dozzi.ea:02:seminar,
  author        = {Dalang, Robert C. and Dozzi, Marco and Russo, Francesco},
  booktitle     = {Proceedings of the seminar held in {A}scona, {S}eptember 20--24, 1999},
  isbn          = {3-7643-6721-0},
  mrclass       = {60-06 (00B30)},
  mrnumber      = {1958803},
  note          = {Dedicated to Sergio Albeverio on the occasion of his 60th birthday},
  pages         = {xiv+302},
  publisher     = {Birkh\"{a}user Verlag, Basel},
  series        = {Progress in Probability},
  title         = {Seminar on {S}tochastic {A}nalysis, {R}andom {F}ields and {A}pplications {III}},
  volume        = {52},
  year          = {2002}
}
