@article{dalang.mountford:03:non-independence,
 author = {Dalang, Robert C. and Mountford, T.},
 doi = {10.1090/S0002-9947-02-03138-0},
 fjournal = {Transactions of the American Mathematical Society},
 issn = {0002-9947},
 journal = {Trans. Amer. Math. Soc.},
 mrclass = {60G60 (60G17)},
 mrnumber = {1938741},
 mrreviewer = {Anne Estrade},
 number = {3},
 pages = {967--985},
 title = {Non-independence of excursions of the {B}rownian sheet and of additive {B}rownian motion},
 url = {https://doi.org/10.1090/S0002-9947-02-03138-0},
 volume = {355},
 year = {2003}
}
