@article{dalang.shiryaev:15:quickest,
  author        = {Dalang, Robert C. and Shiryaev, Albert N.},
  doi           = {10.1214/14-AAP1028},
  fjournal      = {The Annals of Applied Probability},
  issn          = {1050-5164},
  journal       = {Ann. Appl. Probab.},
  mrclass       = {60G35 (60G40 93E20 94A13)},
  mrnumber      = {3325279},
  mrreviewer    = {Hongzhong Zhang},
  number        = {3},
  pages         = {1475--1512},
  title         = {A quickest detection problem with an observation cost},
  url           = {https://doi.org/10.1214/14-AAP1028},
  volume        = {25},
  year          = {2015}
}
