@article{dalang.khoshnevisan:04:recurrent,
 author = {Dalang, Robert C. and Khoshnevisan, Davar},
 doi = {10.1016/j.spa.2004.05.008},
 fjournal = {Stochastic Processes and their Applications},
 issn = {0304-4149},
 journal = {Stochastic Process. Appl.},
 mrclass = {60G60 (60G52)},
 mrnumber = {2094148},
 mrreviewer = {M. P. Moklyachuk},
 number = {1},
 pages = {81--107},
 title = {Recurrent lines in two-parameter isotropic stable
{L}\'{e}vy sheets},
 url = {https://doi.org/10.1016/j.spa.2004.05.008},
 volume = {114},
 year = {2004}
}
