@article{dalang:99:extending,
 author = {Dalang, Robert C.},
 doi = {10.1214/EJP.v4-43},
 fjournal = {Electronic Journal of Probability},
 issn = {1083-6489},
 journal = {Electron. J. Probab.},
 mrclass = {60H05 (35R60 60G15 60G48 60H15)},
 mrnumber = {1684157},
 mrreviewer = {Marta Sanz Sol'{e}},
 pages = {no. 6, 29},
 title = {Extending the martingale measure stochastic integral with
applications to spatially homogeneous s.p.d.e.'s},
 url = {https://doi.org/10.1214/EJP.v4-43},
 volume = {4},
 year = {1999}
}
