@article{dalang.leveque:06:second-order,
 author = {Dalang, Robert C. and L\'{e}v\^{e}que, Olivier},
 doi = {10.1090/S0002-9947-05-03740-2},
 fjournal = {Transactions of the American Mathematical Society},
 issn = {0002-9947},
 journal = {Trans. Amer. Math. Soc.},
 mrclass = {60H15 (35R60 60G15)},
 mrnumber = {2197451},
 mrreviewer = {Jean-Pierre Fouque},
 number = {5},
 pages = {2123--2159},
 title = {Second-order hyperbolic {S}.{P}.{D}.{E}.'s driven by homogeneous {G}aussian noise on a hyperplane},
 url = {https://doi.org/10.1090/S0002-9947-05-03740-2},
 volume = {358},
 year = {2006}
}
