@incollection{dalang.mountford:00:level,
 author = {Dalang, Robert C. and Mountford, T. S.},
 booktitle = {Infinite dimensional stochastic analysis ({A}msterdam,
1999)},
 mrclass = {60G60 (60J65)},
 mrnumber = {1831414},
 mrreviewer = {Xing Wu Zhuang},
 pages = {117--128},
 publisher = {R. Neth. Acad. Arts Sci., Amsterdam},
 series = {Verh. Afd. Natuurkd. 1. Reeks. K. Ned. Akad. Wet.},
 title = {Level sets, bubbles and excursions of a {B}rownian sheet},
 volume = {52},
 year = {2000}
}
