@article{dalang.sanz-sole:09:holder-sobolev,
 author = {Dalang, Robert C. and Sanz-Sol\'{e}, Marta},
 doi = {10.1090/memo/0931},
 fjournal = {Memoirs of the American Mathematical Society},
 isbn = {978-0-8218-4288-1},
 issn = {0065-9266},
 journal = {Mem. Amer. Math. Soc.},
 mrclass = {60H15 (35R60 60J45)},
 mrnumber = {2512755},
 mrreviewer = {Victoria Knopova},
 number = {931},
 pages = {vi+70},
 title = {H\"{o}lder-{S}obolev regularity of the solution to the stochastic wave equation in dimension three},
 url = {https://doi.org/10.1090/memo/0931},
 volume = {199},
 year = {2009}
}
