@article{dalang.khoshnevisan.ea:12:critical,
  author        = {Dalang, Robert C. and Khoshnevisan, Davar and Nualart, Eulalia and Wu, Dongsheng and Xiao, Yimin},
  doi           = {10.1214/11-AOP665},
  fjournal      = {The Annals of Probability},
  issn          = {0091-1798},
  journal       = {Ann. Probab.},
  mrclass       = {60G60 (60G15 60J45)},
  mrnumber      = {2978539},
  mrreviewer    = {Serge Cohen},
  number        = {4},
  pages         = {1829--1859},
  title         = {Critical {B}rownian sheet does not have double points},
  url           = {https://doi.org/10.1214/11-AOP665},
  volume        = {40},
  year          = {2012}
}
