@article{dalang.mueller:15:multiple,
  author        = {Dalang, Robert C. and Mueller, Carl},
  doi           = {10.1214/14-AOP912},
  fjournal      = {The Annals of Probability},
  issn          = {0091-1798},
  journal       = {Ann. Probab.},
  mrclass       = {60G17 (60G15 60G60)},
  mrnumber      = {3353809},
  mrreviewer    = {Dongsheng Wu},
  number        = {4},
  pages         = {1577--1593},
  title         = {Multiple points of the {B}rownian sheet in critical dimensions},
  url           = {https://doi.org/10.1214/14-AOP912},
  volume        = {43},
  year          = {2015}
}
