@article{dalang.sanz-sole:24:stochastic,
 author = {Robert C. Dalang and Marta Sanz-Sol\'e},
 journal = {Preprint arXiv:2402.02119},
 month = {February},
 title = {Stochastic Partial Differential Equations, Space-time
White Noise and Random Fields},
 url = {http://arXiv.org/abs/2402.02119},
 year = {2024}
}
