@incollection{dalang:03:level,
 author = {Dalang, Robert C.},
 booktitle = {Topics in spatial stochastic processes ({M}artina
{F}ranca, 2001)},
 doi = {10.1007/978-3-540-36259-3\_5},
 mrclass = {60G15},
 mrnumber = {1975520},
 mrreviewer = {Laurent Decreusefond},
 pages = {167--208},
 publisher = {Springer, Berlin},
 series = {Lecture Notes in Math.},
 title = {Level sets and excursions of the {B}rownian sheet},
 url = {https://doi.org/10.1007/978-3-540-36259-3_5},
 volume = {1802},
 year = {2003}
}
