@article{dalang.khoshnevisan.ea:19:global,
 author = {Dalang, Robert C. and Khoshnevisan, Davar and Zhang, Tusheng},
 doi = {10.1214/18-AOP1270},
 fjournal = {The Annals of Probability},
 issn = {0091-1798},
 journal = {Ann. Probab.},
 mrclass = {60H15 (35B33 35B45 35K57 35R60)},
 mrnumber = {3909975},
 mrreviewer = {Petru A. Cioica-Licht},
 number = {1},
 pages = {519--559},
 title = {Global solutions to stochastic reaction-diffusion equations with super-linear drift and multiplicative noise},
 url = {https://doi.org/10.1214/18-AOP1270},
 volume = {47},
 year = {2019}
}
