@article{dalang.quer-sardanyons:11:stochastic,
  author        = {Dalang, Robert C. and Quer-Sardanyons, Llu\'{i}s},
  doi           = {10.1016/j.exmath.2010.09.005},
  fjournal      = {Expositiones Mathematicae},
  issn          = {0723-0869},
  journal       = {Expo. Math.},
  mrclass       = {60H15 (60H05)},
  mrnumber      = {2785545},
  mrreviewer    = {David Nualart},
  number        = {1},
  pages         = {67--109},
  title         = {Stochastic integrals for spde's: a comparison},
  url           = {https://doi.org/10.1016/j.exmath.2010.09.005},
  volume        = {29},
  year          = {2011}
}
