@article{dalang.humeau:17:levy,
 author = {Dalang, Robert C. and Humeau, Thomas},
 doi = {10.1214/16-AOP1168},
 fjournal = {The Annals of Probability},
 issn = {0091-1798},
 journal = {Ann. Probab.},
 mrclass = {60G51 (60G20 60G60 60H40)},
 mrnumber = {3737914},
 mrreviewer = {Jorge A. Le\'{o}n},
 number = {6B},
 pages = {4389--4418},
 title = {L\'{e}vy processes and {L}\'{e}vy white noise as tempered
distributions},
 url = {https://doi.org/10.1214/16-AOP1168},
 volume = {45},
 year = {2017}
}
