@article{dalang.mountford:97:points,
  author        = {Dalang, Robert C. and Mountford, T.},
  doi           = {10.1007/s004400050099},
  fjournal      = {Probability Theory and Related Fields},
  issn          = {0178-8051},
  journal       = {Probab. Theory Related Fields},
  mrclass       = {60G60 (60G15 60J65)},
  mrnumber      = {1452548},
  number        = {1},
  pages         = {1--27},
  title         = {Points of increase of the {B}rownian sheet},
  url           = {https://doi.org/10.1007/s004400050099},
  volume        = {108},
  year          = {1997}
}
