@book{daley.vere-jones:88:introduction,
 author = {Daley, D. J. and Vere-Jones, D.},
 isbn = {0-387-96666-8},
 mrclass = {60G55},
 mrnumber = {950166},
 mrreviewer = {Alan F. Karr},
 pages = {xxii+702},
 publisher = {Springer-Verlag, New York},
 series = {Springer Series in Statistics},
 title = {An introduction to the theory of point processes},
 year = {1988}
}
