@article{damanik.pushnitski.ea:08:analytic,
 author = {Damanik, David and Pushnitski, Alexander and Simon,
Barry},
 fjournal = {Surveys in Approximation Theory},
 issn = {1555-578X},
 journal = {Surv. Approx. Theory},
 mrclass = {42C05 (30C10 47B36)},
 mrnumber = {2379691},
 pages = {1--85},
 title = {The analytic theory of matrix orthogonal polynomials},
 volume = {4},
 year = {2008}
}
