@article{damron.kubota:16:rate,
  author        = {Damron, Michael and Kubota, Naoki},
  doi           = {10.1016/j.spa.2016.04.001},
  fjournal      = {Stochastic Processes and their Applications},
  issn          = {0304-4149},
  journal       = {Stochastic Process. Appl.},
  mrclass       = {60K35 (82B43)},
  mrnumber      = {3542626},
  mrreviewer    = {Christian Hirsch},
  number        = {10},
  pages         = {3065--3076},
  title         = {Rate of convergence in first-passage percolation under low moments},
  url           = {https://doi.org/10.1016/j.spa.2016.04.001},
  volume        = {126},
  year          = {2016}
}
