@article{damron.lam:25:asymptotics,
  author        = {Michael Damron and Wai-Kit Lam},
  journal       = {Preprint arXiv:2502.18235},
  month         = {February},
  title         = {Asymptotics for first-passage percolation on logarithmic subgraphs of $\mathbb{Z}^2$},
  url           = {http://arXiv.org/abs/2502.18235},
  year          = {2025}
}
