@article{dang.nane.ea:18:continuity,
 author = {Dang, Duc Trong and Nane, Erkan and Nguyen, Dang Minh and Tuan, Nguyen Huy},
 doi = {10.1007/s11118-017-9663-5},
 fjournal = {Potential Analysis. An International Journal Devoted to the Interactions between Potential Theory, Probability Theory, Geometry and Functional Analysis},
 issn = {0926-2601},
 journal = {Potential Anal.},
 mrclass = {35R11 (35K92 45K05)},
 mrnumber = {3850383},
 mrreviewer = {Soundararajan Gnanavel},
 number = {3},
 pages = {423--478},
 title = {Continuity of solutions of a class of fractional equations},
 url = {https://doi.org/10.1007/s11118-017-9663-5},
 volume = {49},
 year = {2018}
}
