@article{dareiotis.gerencser:15:on,
  author        = {Dareiotis, Konstantinos and Gerencs\'{e}r, M\'{a}t\'{e}},
  doi           = {10.1007/s40072-014-0043-5},
  fjournal      = {Stochastic Partial Differential Equations. Analysis and Computations},
  issn          = {2194-0401},
  journal       = {Stoch. Partial Differ. Equ. Anal. Comput.},
  mrclass       = {60H15 (35R60 60G46)},
  mrnumber      = {3312593},
  mrreviewer    = {Dario Trevisan},
  number        = {1},
  pages         = {84--102},
  title         = {On the boundedness of solutions of {SPDE}s},
  url           = {https://doi.org/10.1007/s40072-014-0043-5},
  volume        = {3},
  year          = {2015}
}
