@incollection{darling:92:isotropic,
  author        = {Darling, R. W. R.},
  booktitle     = {Diffusion processes and related problems in analysis, {V}ol. {II} ({C}harlotte, {NC}, 1990)},
  mrclass       = {60H10 (60G60)},
  mrnumber      = {1187986},
  pages         = {75--94},
  publisher     = {Birkh\"{a}user Boston, Boston, MA},
  series        = {Progr. Probab.},
  title         = {Isotropic stochastic flows: a survey},
  volume        = {27},
  year          = {1992}
}
