@article{darses.nourdin:07:stochastic,
 author = {Darses, S\'{e}bastien and Nourdin, Ivan},
 doi = {10.1214/009117906000001169},
 fjournal = {The Annals of Probability},
 issn = {0091-1798},
 journal = {Ann. Probab.},
 mrclass = {60G07 (60G15 60G17 60H07)},
 mrnumber = {2349582},
 mrreviewer = {Andreas Neuenkirch},
 number = {5},
 pages = {1998--2020},
 title = {Stochastic derivatives for fractional diffusions},
 url = {https://doi.org/10.1214/009117906000001169},
 volume = {35},
 year = {2007}
}
