@article{das.yang.ea:12:synthetic,
  author        = {Das, Sourish and Yang, Hongxia and Banks, David},
  journal       = {Statistics, Politics, and Policy},
  number        = {1},
  publisher     = {De Gruyter},
  title         = {Synthetic priors that merge opinion from multiple experts},
  volume        = {4},
  year          = {2012}
}
