@article{davie:07:uniqueness,
  author        = {Davie, A. M.},
  doi           = {10.1093/imrn/rnm124},
  fjournal      = {International Mathematics Research Notices. IMRN},
  issn          = {1073-7928},
  journal       = {Int. Math. Res. Not. IMRN},
  mrclass       = {60H10 (34F05)},
  mrnumber      = {2377011},
  mrreviewer    = {Mario Abundo},
  number        = {24},
  pages         = {Art. ID rnm124, 26},
  title         = {Uniqueness of solutions of stochastic differential equations},
  url           = {https://doi.org/10.1093/imrn/rnm124},
  year          = {2007}
}
