@article{davis:76:on,
  author        = {Davis, Burgess},
  fjournal      = {Duke Mathematical Journal},
  issn          = {0012-7094},
  journal       = {Duke Math. J.},
  mrclass       = {60G45},
  mrnumber      = {418219},
  mrreviewer    = {Maurizio Pratelli},
  number        = {4},
  pages         = {697--704},
  title         = {On the {$L^{p}$} norms of stochastic integrals and other martingales},
  url           = {http://projecteuclid.org/euclid.dmj/1077311944},
  volume        = {43},
  year          = {1976}
}
