@article{david.kupiainen.ea:16:liouville,
 author = {David, Fran\c cois and Kupiainen, Antti and Rhodes, R\'emi
and Vargas, Vincent},
 doi = {10.1007/s00220-016-2572-4},
 fjournal = {Communications in Mathematical Physics},
 issn = {0010-3616,1432-0916},
 journal = {Comm. Math. Phys.},
 mrclass = {81T20},
 mrnumber = {3465434},
 number = {3},
 pages = {869--907},
 title = {Liouville quantum gravity on the {R}iemann sphere},
 url = {https://doi.org/10.1007/s00220-016-2572-4},
 volume = {342},
 year = {2016}
}
