@book{davies:90:heat,
  author        = {Davies, E. B.},
  isbn          = {0-521-40997-7},
  mrclass       = {35D05 (35-02 35J15 35K05 47F05 58G11)},
  mrnumber      = {1103113},
  pages         = {x+197},
  publisher     = {Cambridge University Press, Cambridge},
  series        = {Cambridge Tracts in Mathematics},
  title         = {Heat kernels and spectral theory},
  volume        = {92},
  year          = {1990}
}
