@incollection{dawson:93:measure-valued,
  author        = {Dawson, Donald A.},
  booktitle     = {\'{E}cole d'\'{E}t\'{e} de {P}robabilit\'{e}s de {S}aint-{F}lour {XXI}---1991},
  doi           = {10.1007/BFb0084190},
  mrclass       = {60G57 (60H15 60J70 60J80)},
  mrnumber      = {1242575},
  mrreviewer    = {Luis G. Gorostiza},
  pages         = {1--260},
  publisher     = {Springer, Berlin},
  series        = {Lecture Notes in Math.},
  title         = {Measure-valued {M}arkov processes},
  url           = {https://doi.org/10.1007/BFb0084190},
  volume        = {1541},
  year          = {1993}
}
