@article{debbi:06:explicit,
  author        = {Debbi, Latifa},
  doi           = {10.1155/JAMSA/2006/93502},
  fjournal      = {Journal of Applied Mathematics and Stochastic Analysis. JAMSA},
  issn          = {1048-9533},
  journal       = {J. Appl. Math. Stoch. Anal.},
  mrclass       = {35K30 (35C05 60G51)},
  mrnumber      = {2221004},
  pages         = {Art. ID 93502, 18},
  title         = {Explicit solutions of some fractional partial differential equations via stable subordinators},
  url           = {https://doi.org/10.1155/JAMSA/2006/93502},
  year          = {2006}
}
