@article{debussche.tsutsumi:11:1d,
  author        = {Debussche, Arnaud and Tsutsumi, Yoshio},
  doi           = {10.1016/j.matpur.2011.02.002},
  fjournal      = {Journal de Math\'{e}matiques Pures et Appliqu\'{e}es. Neuvi\`eme S\'{e}rie},
  issn          = {0021-7824},
  journal       = {J. Math. Pures Appl. (9)},
  mrclass       = {35Q55 (35R60 60H15)},
  mrnumber      = {2832639},
  mrreviewer    = {Mar\'{\i}a J. Garrido-Atienza},
  number        = {4},
  pages         = {363--376},
  title         = {1{D} quintic nonlinear {S}chr\"{o}dinger equation with white noise dispersion},
  url           = {https://doi.org/10.1016/j.matpur.2011.02.002},
  volume        = {96},
  year          = {2011}
}
