@incollection{deconinck:10:multidimensional,
  author        = {Deconinck, B.},
  booktitle     = {N{IST} handbook of mathematical functions},
  mrclass       = {33E05 (14K25 33F05)},
  mrnumber      = {2655361},
  pages         = {537--547},
  publisher     = {U.S. Dept. Commerce, Washington, DC},
  title         = {Multidimensional theta functions},
  year          = {2010}
}
