@article{decreusefond:02:regularity,
 author = {Decreusefond, L.},
 doi = {10.1023/A:1012628013041},
 fjournal = {Potential Analysis. An International Journal Devoted to
the Interactions between Potential Theory, Probability
Theory, Geometry and Functional Analysis},
 issn = {0926-2601},
 journal = {Potential Anal.},
 mrclass = {60H05},
 mrnumber = {1881594},
 mrreviewer = {Wilfried Grecksch},
 number = {2},
 pages = {139--149},
 title = {Regularity properties of some stochastic {V}olterra
integrals with singular kernel},
 url = {https://doi.org/10.1023/A:1012628013041},
 volume = {16},
 year = {2002}
}
