@incollection{deift:08:some,
 author = {Deift, Percy},
 booktitle = {Integrable systems and random matrices},
 doi = {10.1090/conm/458/08951},
 isbn = {978-0-8218-4240-9},
 mrclass = {37K15 (15B52 34M55 35Q53 60F05 60K35 62H25 82B44)},
 mrnumber = {2411922},
 mrreviewer = {Razvan\ Teodorescu},
 pages = {419--430},
 publisher = {Amer. Math. Soc., Providence, RI},
 series = {Contemp. Math.},
 title = {Some open problems in random matrix theory and the theory
of integrable systems},
 url = {https://doi.org/10.1090/conm/458/08951},
 volume = {458},
 year = {2008}
}
