@article{deift:78:applications,
 author = {Deift, P. A.},
 fjournal = {Duke Mathematical Journal},
 issn = {0012-7094,1547-7398},
 journal = {Duke Math. J.},
 mrclass = {47A10 (34G10 76Q05 78A45 81E05 82A15)},
 mrnumber = {495676},
 number = {2},
 pages = {267--310},
 title = {Applications of a commutation formula},
 url = {http://projecteuclid.org/euclid.dmj/1077312819},
 volume = {45},
 year = {1978}
}
