@article{deift.its.ea:11:asymptotics,
 author = {Deift, Percy and Its, Alexander and Krasovsky, Igor},
 doi = {10.4007/annals.2011.174.2.12},
 fjournal = {Annals of Mathematics. Second Series},
 issn = {0003-486X,1939-8980},
 journal = {Ann. of Math. (2)},
 mrclass = {47B35 (11M50 15A15 30E25 42C05 47B38)},
 mrnumber = {2831118},
 mrreviewer = {A.\ B\"ottcher},
 number = {2},
 pages = {1243--1299},
 title = {Asymptotics of {T}oeplitz, {H}ankel, and {T}oeplitz+{H}ankel determinants with {F}isher-{H}artwig singularities},
 url = {https://doi.org/10.4007/annals.2011.174.2.12},
 volume = {174},
 year = {2011}
}
