@incollection{deift.zhou:03:long-time,
  author        = {Deift, Percy and Zhou, Xin},
  doi           = {10.1002/cpa.3034},
  fjournal      = {Communications on Pure and Applied Mathematics},
  issn          = {0010-3640,1097-0312},
  journal       = {Comm. Pure Appl. Math.},
  mrclass       = {35Q55 (35B40 35P25 37K15 37K40)},
  mrnumber      = {1989226},
  mrreviewer    = {Olivier\ J.\ Goubet},
  note          = {Dedicated to the memory of J\"urgen K. Moser},
  number        = {8},
  pages         = {1029--1077},
  title         = {Long-time asymptotics for solutions of the {NLS} equation with initial data in a weighted {S}obolev space},
  url           = {https://doi.org/10.1002/cpa.3034},
  volume        = {56},
  year          = {2003}
}
