@article{deift.gioev:07:universality,
  author        = {Deift, Percy and Gioev, Dimitri},
  fjournal      = {International Mathematics Research Papers. IMRP},
  issn          = {1687-3017,1687-3009},
  journal       = {Int. Math. Res. Pap. IMRP},
  mrclass       = {82B41 (15A52 62E20 62H05)},
  mrnumber      = {2335245},
  mrreviewer    = {Nizar\ Demni},
  number        = {2},
  pages         = {Art. ID rpm004, 116},
  title         = {Universality in random matrix theory for orthogonal and symplectic ensembles},
  year          = {2007}
}
