@article{deift.li.ea:86:toda,
 author = {Deift, P. and Li, L. C. and Nanda, T. and Tomei, C.},
 doi = {10.1002/cpa.3160390203},
 fjournal = {Communications on Pure and Applied Mathematics},
 issn = {0010-3640,1097-0312},
 journal = {Comm. Pure Appl. Math.},
 mrclass = {58F07 (58F05)},
 mrnumber = {820068},
 mrreviewer = {Tudor\ S.\ Ra\c tiu},
 number = {2},
 pages = {183--232},
 title = {The {T}oda flow on a generic orbit is integrable},
 url = {https://doi.org/10.1002/cpa.3160390203},
 volume = {39},
 year = {1986}
}
