@article{deift.simon:83:almost,
 author = {Deift, P. and Simon, B.},
 fjournal = {Communications in Mathematical Physics},
 issn = {0010-3616,1432-0916},
 journal = {Comm. Math. Phys.},
 mrclass = {34B25 (35P05 47F05 81C10)},
 mrnumber = {719297},
 mrreviewer = {W.\ O.\ Amrein},
 number = {3},
 pages = {389--411},
 title = {Almost periodic {S}chr\"odinger operators. {III}. {T}he absolutely continuous spectrum in one dimension},
 url = {http://projecteuclid.org/euclid.cmp/1103940348},
 volume = {90},
 year = {1983}
}
