@article{deift.venakides.ea:94:collisionless,
 author = {Deift, P. and Venakides, S. and Zhou, X.},
 doi = {10.1002/cpa.3160470204},
 fjournal = {Communications on Pure and Applied Mathematics},
 issn = {0010-3640,1097-0312},
 journal = {Comm. Pure Appl. Math.},
 mrclass = {35Q53 (35B40)},
 mrnumber = {1263128},
 mrreviewer = {Alexey\ V.\ Samokhin},
 number = {2},
 pages = {199--206},
 title = {The collisionless shock region for the long-time behavior of solutions of the {K}d{V} equation},
 url = {https://doi.org/10.1002/cpa.3160470204},
 volume = {47},
 year = {1994}
}
