@article{deift.venakides.ea:97:new,
 author = {Deift, P. and Venakides, S. and Zhou, X.},
 doi = {10.1155/S1073792897000214},
 fjournal = {International Mathematics Research Notices},
 issn = {1073-7928,1687-0247},
 journal = {Internat. Math. Res. Notices},
 mrclass = {35Q53},
 mrnumber = {1440305},
 mrreviewer = {Linghai\ Zhang},
 number = {6},
 pages = {286--299},
 title = {New results in small dispersion {K}d{V} by an extension of
the steepest descent method for {R}iemann-{H}ilbert
problems},
 url = {https://doi.org/10.1155/S1073792897000214},
 year = {1997}
}
