@article{deift.zhou:92:steepest,
  author        = {Deift, P. and Zhou, X.},
  doi           = {10.1090/S0273-0979-1992-00253-7},
  fjournal      = {American Mathematical Society. Bulletin. New Series},
  issn          = {0273-0979,1088-9485},
  journal       = {Bull. Amer. Math. Soc. (N.S.)},
  mrclass       = {35Q15 (35B40 35Q53 41A60)},
  mrnumber      = {1108902},
  mrreviewer    = {John\ Albert},
  number        = {1},
  pages         = {119--123},
  title         = {A steepest descent method for oscillatory {R}iemann-{H}ilbert problems},
  url           = {https://doi.org/10.1090/S0273-0979-1992-00253-7},
  volume        = {26},
  year          = {1992}
}
