@article{deift.li.ea:89:matrix,
 author = {Deift, P. and Li, L. C. and Tomei, C.},
 doi = {10.1002/cpa.3160420405},
 fjournal = {Communications on Pure and Applied Mathematics},
 issn = {0010-3640,1097-0312},
 journal = {Comm. Pure Appl. Math.},
 mrclass = {58F07 (15A18 35Q53 70H05)},
 mrnumber = {990138},
 mrreviewer = {Randolph\ J.\ Schilling},
 number = {4},
 pages = {443--521},
 title = {Matrix factorizations and integrable systems},
 url = {https://doi.org/10.1002/cpa.3160420405},
 volume = {42},
 year = {1989}
}
