@article{deift:00:integrable,
  author        = {Deift, Percy},
  fjournal      = {Notices of the American Mathematical Society},
  issn          = {0002-9920,1088-9477},
  journal       = {Notices Amer. Math. Soc.},
  mrclass       = {05A16 (34L40 34M55 37K10)},
  mrnumber      = {1764262},
  mrreviewer    = {George\ M.\ Rassias},
  number        = {6},
  pages         = {631--640},
  title         = {Integrable systems and combinatorial theory},
  volume        = {47},
  year          = {2000}
}
