@article{deift.its.ea:13:toeplitz,
 author = {Deift, Percy and Its, Alexander and Krasovsky, Igor},
 doi = {10.1002/cpa.21467},
 fjournal = {Communications on Pure and Applied Mathematics},
 issn = {0010-3640,1097-0312},
 journal = {Comm. Pure Appl. Math.},
 mrclass = {82B20 (15B05)},
 mrnumber = {3078693},
 mrreviewer = {Adnene\ Besbes},
 number = {9},
 pages = {1360--1438},
 title = {Toeplitz matrices and {T}oeplitz determinants under the impetus of the {I}sing model: some history and some recent results},
 url = {https://doi.org/10.1002/cpa.21467},
 volume = {66},
 year = {2013}
}
