@article{deift.mclaughlin:98:continuum,
 author = {Deift, P. and McLaughlin, K. T-R},
 doi = {10.1090/memo/0624},
 fjournal = {Memoirs of the American Mathematical Society},
 issn = {0065-9266,1947-6221},
 journal = {Mem. Amer. Math. Soc.},
 mrclass = {58F07 (35Q53)},
 mrnumber = {1407901},
 mrreviewer = {Alexander\ V.\ Shapovalov},
 number = {624},
 pages = {x+216},
 title = {A continuum limit of the {T}oda lattice},
 url = {https://doi.org/10.1090/memo/0624},
 volume = {131},
 year = {1998}
}
