@article{deift.its.ea:99:on,
 author = {Deift, P. and Its, A. and Kapaev, A. and Zhou, X.},
 doi = {10.1007/s002200050037},
 fjournal = {Communications in Mathematical Physics},
 issn = {0010-3616,1432-0916},
 journal = {Comm. Math. Phys.},
 mrclass = {34M55 (32G34)},
 mrnumber = {1700154},
 mrreviewer = {Eugen\ Belokolos},
 number = {3},
 pages = {613--633},
 title = {On the algebro-geometric integration of the {S}chlesinger
equations},
 url = {https://doi.org/10.1007/s002200050037},
 volume = {203},
 year = {1999}
}
