@article{deimling.hetzer.ea:96:almost,
  author        = {Deimling, Klaus and Hetzer, Georg and Shen, Wen Xian},
  fjournal      = {Advances in Differential Equations},
  issn          = {1079-9389},
  journal       = {Adv. Differential Equations},
  mrclass       = {34C25 (34A60 70K20 70K30)},
  mrnumber      = {1364004},
  mrreviewer    = {Jo\"{e}l\ Blot},
  number        = {2},
  pages         = {265--281},
  title         = {Almost periodicity enforced by {C}oulomb friction},
  volume        = {1},
  year          = {1996}
}
