@article{del-pino.dolbeault:02:best,
  author        = {Del Pino, Manuel and Dolbeault, Jean},
  doi           = {10.1016/S0021-7824(02)01266-7},
  fjournal      = {Journal de Math\'{e}matiques Pures et Appliqu\'{e}es. Neuvi\`eme S\'{e}rie},
  issn          = {0021-7824},
  journal       = {J. Math. Pures Appl. (9)},
  mrclass       = {35J20 (35J85 35K57 46E35 49J40)},
  mrnumber      = {1940370},
  mrreviewer    = {Siegfried Carl},
  number        = {9},
  pages         = {847--875},
  title         = {Best constants for {G}agliardo-{N}irenberg inequalities and applications to nonlinear diffusions},
  url           = {https://doi.org/10.1016/S0021-7824(02)01266-7},
  volume        = {81},
  year          = {2002}
}
