@article{delarue.flandoli:14:transition,
  author        = {Delarue, Fran\c{c}ois and Flandoli, Franco},
  doi           = {10.3934/dcds.2014.34.4071},
  fjournal      = {Discrete and Continuous Dynamical Systems. Series A},
  issn          = {1078-0947,1553-5231},
  journal       = {Discrete Contin. Dyn. Syst.},
  mrclass       = {60H10 (34A12 34F05 60F99)},
  mrnumber      = {3195359},
  mrreviewer    = {Daniel\ C.\ Biles},
  number        = {10},
  pages         = {4071--4083},
  title         = {The transition point in the zero noise limit for a 1{D} {P}eano example},
  url           = {https://doi.org/10.3934/dcds.2014.34.4071},
  volume        = {34},
  year          = {2014}
}
