@article{delgado.sanz:92:hu-meyer,
 author = {Delgado, Rosario and Sanz, Marta},
 doi = {10.1080/17442509208833752},
 fjournal = {Stochastics and Stochastics Reports},
 issn = {1045-1129},
 journal = {Stochastics Stochastics Rep.},
 mrclass = {60H05},
 mrnumber = {1274900},
 mrreviewer = {Denis R. Bell},
 number = {3},
 pages = {149--158},
 title = {The {H}u-{M}eyer formula for nondeterministic kernels},
 url = {https://doi.org/10.1080/17442509208833752},
 volume = {38},
 year = {1992}
}
