@incollection{delgado.sanz-sole:95:fubini,
  author        = {Delgado, Rosario and Sanz-Sol\'{e}, Marta},
  booktitle     = {Seminar on {S}tochastic {A}nalysis, {R}andom {F}ields and {A}pplications ({A}scona, 1993)},
  mrclass       = {60H05},
  mrnumber      = {1360269},
  mrreviewer    = {Denis R. Bell},
  pages         = {99--110},
  publisher     = {Birkh\"{a}user, Basel},
  series        = {Progr. Probab.},
  title         = {A {F}ubini theorem for generalized {S}tratonovich integrals},
  volume        = {36},
  year          = {1995}
}
