@article{dembo.karlin.ea:94:large,
  author        = {Dembo, Amir and Karlin, Samuel and Zeitouni, Ofer},
  fjournal      = {The Annals of Applied Probability},
  issn          = {1050-5164,2168-8737},
  journal       = {Ann. Appl. Probab.},
  mrclass       = {60F10 (60J30)},
  mrnumber      = {1272734},
  mrreviewer    = {Karl\ Grill},
  number        = {2},
  pages         = {432--447},
  title         = {Large exceedances for multidimensional {L}\'{e}vy processes},
  url           = {http://links.jstor.org/sici?sici=1050-5164(199405)4:2<432:LEFMLP>2.0.CO;2-B\&origin=MSN},
  volume        = {4},
  year          = {1994}
}
