@incollection{dembo.zeitouni:96:large,
  author        = {Dembo, Amir and Zeitouni, Ofer},
  booktitle     = {Random discrete structures ({M}inneapolis, {MN}, 1993)},
  doi           = {10.1007/978-1-4612-0719-1\_4},
  isbn          = {0-387-94623-3},
  mrclass       = {60F10 (60C05)},
  mrnumber      = {1395607},
  mrreviewer    = {David\ J.\ Aldous},
  pages         = {45--53},
  publisher     = {Springer, New York},
  series        = {IMA Vol. Math. Appl.},
  title         = {Large deviations for random distribution of mass},
  url           = {https://doi.org/10.1007/978-1-4612-0719-1_4},
  volume        = {76},
  year          = {1996}
}
