@article{dembo.peres.ea:00:thin,
  author        = {Dembo, Amir and Peres, Yuval and Rosen, Jay and Zeitouni, Ofer},
  doi           = {10.1016/S0246-0203(00)00139-4},
  fjournal      = {Annales de l'Institut Henri Poincar\'{e}. Probabilit\'{e}s et Statistiques},
  issn          = {0246-0203},
  journal       = {Ann. Inst. H. Poincar\'{e} Probab. Statist.},
  mrclass       = {60J65 (28A80)},
  mrnumber      = {1797392},
  mrreviewer    = {Robert\ G.\ Smits},
  number        = {6},
  pages         = {749--774},
  title         = {Thin points for {B}rownian motion},
  url           = {https://doi.org/10.1016/S0246-0203(00)00139-4},
  volume        = {36},
  year          = {2000}
}
