@article{dembo:97:information,
  author        = {Dembo, Amir},
  doi           = {10.1214/aop/1024404424},
  fjournal      = {The Annals of Probability},
  issn          = {0091-1798},
  journal       = {Ann. Probab.},
  mrclass       = {60E15 (28A35)},
  mrnumber      = {1434131},
  mrreviewer    = {Iosif Pinelis},
  number        = {2},
  pages         = {927--939},
  title         = {Information inequalities and concentration of measure},
  url           = {https://doi.org/10.1214/aop/1024404424},
  volume        = {25},
  year          = {1997}
}
