@article{dembo.zeitouni:86:parameter,
 author = {Dembo, A. and Zeitouni, O.},
 doi = {10.1016/0304-4149(86)90018-9},
 fjournal = {Stochastic Processes and their Applications},
 issn = {0304-4149,1879-209X},
 journal = {Stochastic Process. Appl.},
 mrclass = {93E10 (62M05 93E14)},
 mrnumber = {866289},
 mrreviewer = {Richard\ M.\ Hawkes},
 number = {1},
 pages = {91--113},
 title = {Parameter estimation of partially observed continuous time
stochastic processes via the {EM} algorithm},
 url = {https://doi.org/10.1016/0304-4149(86)90018-9},
 volume = {23},
 year = {1986}
}
