@book{dembo.zeitouni:93:large,
 author = {Dembo, Amir and Zeitouni, Ofer},
 isbn = {0-86720-291-2},
 mrclass = {60F10},
 mrnumber = {1202429},
 mrreviewer = {Paolo\ Baldi},
 pages = {xiv+346},
 publisher = {Jones and Bartlett Publishers, Boston, MA},
 title = {Large deviations techniques and applications},
 year = {1993}
}
