@article{dembo.vershik.ea:00:large,
 author = {Dembo, A. and Vershik, A. and Zeitouni, O.},
 fjournal = {Markov Processes and Related Fields},
 issn = {1024-2953},
 journal = {Markov Process. Related Fields},
 mrclass = {11K99 (05A17 60F10)},
 mrnumber = {1778750},
 number = {2},
 pages = {147--179},
 title = {Large deviations for integer partitions},
 volume = {6},
 year = {2000}
}
