@article{dembo.zeitouni:92:erratum,
 author = {Dembo, A. and Zeitouni, O.},
 doi = {10.1016/0304-4149(92)90019-M},
 fjournal = {Stochastic Processes and their Applications},
 issn = {0304-4149,1879-209X},
 journal = {Stochastic Process. Appl.},
 mrclass = {93E10 (62F10 62M09 93E14)},
 mrnumber = {1158031},
 mrreviewer = {Richard\ M.\ Hawkes},
 number = {2},
 pages = {359--361},
 title = {Erratum: ``{P}arameter estimation of partially observed
continuous time stochastic processes via the {EM}
algorithm'' [{S}tochastic {P}rocess. {A}ppl. {\bf 23}
(1986), no. 1, 91--113; {MR}0866289 (88h:93068)]},
 url = {https://doi.org/10.1016/0304-4149(92)90019-M},
 volume = {40},
 year = {1992}
}
