@article{dembo.guionnet.ea:03:moderate,
  author        = {Dembo, A. and Guionnet, A. and Zeitouni, O.},
  doi           = {10.1016/S0246-0203(03)00024-4},
  fjournal      = {Annales de l'Institut Henri Poincar\'{e}. Probabilit\'{e}s et Statistiques},
  issn          = {0246-0203},
  journal       = {Ann. Inst. H. Poincar\'{e} Probab. Statist.},
  mrclass       = {60F99 (15A42 46L54)},
  mrnumber      = {2010395},
  mrreviewer    = {Emmanuel\ C.\ Germain},
  number        = {6},
  pages         = {1013--1042},
  title         = {Moderate deviations for the spectral measure of certain random matrices},
  url           = {https://doi.org/10.1016/S0246-0203(03)00024-4},
  volume        = {39},
  year          = {2003}
}
