@article{dembo.zeitouni:96:transportation,
  author        = {Dembo, Amir and Zeitouni, Ofer},
  doi           = {10.1214/ECP.v1-979},
  fjournal      = {Electronic Communications in Probability},
  issn          = {1083-589X},
  journal       = {Electron. Comm. Probab.},
  mrclass       = {60E15 (28A35)},
  mrnumber      = {1423908},
  mrreviewer    = {Iosif\ Pinelis},
  pages         = {no. 9, 83--90},
  title         = {Transportation approach to some concentration inequalities in product spaces},
  url           = {https://doi.org/10.1214/ECP.v1-979},
  volume        = {1},
  year          = {1996}
}
