@article{dembo.zeitouni:96:large*1,
  author        = {Dembo, Amir and Zeitouni, Ofer},
  doi           = {10.1016/0167-7152(95)00065-8},
  fjournal      = {Statistics \& Probability Letters},
  issn          = {0167-7152,1879-2103},
  journal       = {Statist. Probab. Lett.},
  mrclass       = {60F10},
  mrnumber      = {1395567},
  mrreviewer    = {Tim\ Zajic},
  number        = {3},
  pages         = {201--205},
  title         = {Large deviations for subsampling from individual sequences},
  url           = {https://doi.org/10.1016/0167-7152(95)00065-8},
  volume        = {27},
  year          = {1996}
}
