@article{dembo.zeitouni:94:large,
 author = {Dembo, Amir and Zeitouni, Ofer},
 doi = {10.1109/9.272334},
 fjournal = {Institute of Electrical and Electronics Engineers.
Transactions on Automatic Control},
 issn = {0018-9286,1558-2523},
 journal = {IEEE Trans. Automat. Control},
 mrclass = {93B55},
 mrnumber = {1265421},
 number = {2},
 pages = {360--364},
 title = {A large deviations analysis of range tracking loops},
 url = {https://doi.org/10.1109/9.272334},
 volume = {39},
 year = {1994}
}
