@article{deng:15:invariance,
  author        = {Deng, Yu},
  doi           = {10.4171/JEMS/528},
  fjournal      = {Journal of the European Mathematical Society (JEMS)},
  issn          = {1435-9855},
  journal       = {J. Eur. Math. Soc. (JEMS)},
  mrclass       = {37L40 (35B35 35Q53 37K05 37K10)},
  mrnumber      = {3346690},
  mrreviewer    = {Naoyuki Ishimura},
  number        = {5},
  pages         = {1107--1198},
  title         = {Invariance of the {G}ibbs measure for the {B}enjamin-{O}no equation},
  url           = {https://doi.org/10.4171/JEMS/528},
  volume        = {17},
  year          = {2015}
}
