@article{deng.nahmod.ea:21:invariant,
  author        = {Deng, Yu and Nahmod, Andrea R. and Yue, Haitian},
  doi           = {10.1063/5.0045062},
  fjournal      = {Journal of Mathematical Physics},
  issn          = {0022-2488},
  journal       = {J. Math. Phys.},
  mrclass       = {35Q55 (81T08)},
  mrnumber      = {4236191},
  number        = {3},
  pages         = {Paper No. 031514, 39},
  title         = {Invariant {G}ibbs measure and global strong solutions for the {H}artree {NLS} equation in dimension three},
  url           = {https://doi.org/10.1063/5.0045062},
  volume        = {62},
  year          = {2021}
}
