@incollection{derrida:90:directed,
 author = {Derrida, B.},
 doi = {10.1016/0378-4371(90)90316-K},
 fjournal = {Physica A},
 issn = {0378-4371},
 journal = {Phys. A},
 mrclass = {82A51 (82A42)},
 mrnumber = {1043640},
 note = {Statistical physics (Rio de Janeiro, 1989)},
 number = {1},
 pages = {71--84},
 title = {Directed polymers in a random medium},
 url = {https://doi.org/10.1016/0378-4371(90)90316-K},
 volume = {163},
 year = {1990}
}
