@incollection{derrida:80:random,
 author = {Derrida, B.},
 doi = {10.1016/0370-1573(80)90076-9},
 fjournal = {Physics Reports. A Review Section of Physics Letters},
 issn = {0370-1573},
 journal = {Phys. Rep.},
 mrclass = {82A57},
 mrnumber = {600877},
 note = {Common trends in particle and condensed matter physics (Proc. Winter Adv. Study Inst., Les Houches, 1980)},
 number = {1},
 pages = {29--35},
 title = {The random energy model},
 url = {https://doi.org/10.1016/0370-1573(80)90076-9},
 volume = {67},
 year = {1980}
}
