@article{derrida.lebowitz.ea:91:dynamics,
 author = {Derrida, B. and Lebowitz, J. L. and Speer, E. R. and
Spohn, H.},
 fjournal = {Journal of Physics. A. Mathematical and General},
 issn = {0305-4470,1751-8121},
 journal = {J. Phys. A},
 mrclass = {82C24},
 mrnumber = {1131256},
 number = {20},
 pages = {4805--4834},
 title = {Dynamics of an anchored {T}oom interface},
 url = {http://stacks.iop.org/0305-4470/24/4805},
 volume = {24},
 year = {1991}
}
