@article{derrida:81:phenomenological,
  author        = {Derrida, B.},
  fjournal      = {Journal of Physics. A. Mathematical and General},
  issn          = {0305-4470,1751-8121},
  journal       = {J. Phys. A},
  mrclass       = {82A70 (82A42)},
  mrnumber      = {598364},
  number        = {1},
  pages         = {L5--L9},
  title         = {Phenomenological renormalisation of the self-avoiding walk in two dimensions},
  url           = {http://stacks.iop.org/0305-4470/14/L5},
  volume        = {14},
  year          = {1981}
}
