@article{derrida.gerschenfeld:09:current*1,
 author = {Derrida, Bernard and Gerschenfeld, Antoine},
 doi = {10.1007/s10955-009-9830-1},
 fjournal = {Journal of Statistical Physics},
 issn = {0022-4715,1572-9613},
 journal = {J. Stat. Phys.},
 mrclass = {82C05 (60F10 82C70)},
 mrnumber = {2570758},
 mrreviewer = {Enza\ Orlandi},
 number = {5-6},
 pages = {978--1000},
 title = {Current fluctuations in one dimensional diffusive systems with a step initial density profile},
 url = {https://doi.org/10.1007/s10955-009-9830-1},
 volume = {137},
 year = {2009}
}
