@article{derrida.lebowitz.ea:01:free,
 author = {Derrida, B. and Lebowitz, J. L. and Speer, E. R.},
 doi = {10.1103/PhysRevLett.87.150601},
 fjournal = {Physical Review Letters},
 issn = {0031-9007,1079-7114},
 journal = {Phys. Rev. Lett.},
 mrclass = {82C23},
 mrnumber = {1862335},
 number = {15},
 pages = {150601, 4},
 title = {Free energy functional for nonequilibrium systems: an
exactly solvable case},
 url = {https://doi.org/10.1103/PhysRevLett.87.150601},
 volume = {87},
 year = {2001}
}
