@incollection{derrida.aitchison.ea:89:elizabeth,
  author        = {Derrida, B. and Aitchison, I. J. R. and Wallace, D. J.},
  doi           = {10.1088/0305-4470/22/12/012},
  fjournal      = {Journal of Physics. A. Mathematical and General},
  issn          = {0305-4470,1751-8121},
  journal       = {J. Phys. A},
  mrclass       = {01A70},
  mrnumber      = {1004902},
  note          = {Special issue in memory of Elizabeth Gardner, 1957--1988},
  number        = {12},
  pages         = {1955--1958},
  title         = {Elizabeth {J}ane {G}ardner},
  url           = {https://doi.org/10.1088/0305-4470/22/12/012},
  volume        = {22},
  year          = {1989}
}
