@article{derrida.evans:99:bethe,
 author = {Derrida, B. and Evans, M. R.},
 doi = {10.1088/0305-4470/32/26/303},
 fjournal = {Journal of Physics. A. Mathematical and General},
 issn = {0305-4470,1751-8121},
 journal = {J. Phys. A},
 mrclass = {82C20 (82C23 82C31 90B06)},
 mrnumber = {1718799},
 number = {26},
 pages = {4833--4850},
 title = {Bethe ansatz solution for a defect particle in the
asymmetric exclusion process},
 url = {https://doi.org/10.1088/0305-4470/32/26/303},
 volume = {32},
 year = {1999}
}
