@article{derrida:95:exponents,
 author = {Derrida, B.},
 doi = {10.1088/0305-4470/28/6/006},
 fjournal = {Journal of Physics. A. Mathematical and General},
 issn = {0305-4470,1751-8121},
 journal = {J. Phys. A},
 mrclass = {82C20},
 mrnumber = {1338042},
 number = {6},
 pages = {1481--1491},
 title = {Exponents appearing in the zero-temperature dynamics of
the {$1$}D {P}otts model},
 url = {https://doi.org/10.1088/0305-4470/28/6/006},
 volume = {28},
 year = {1995}
}
