@incollection{derrida.lebowitz.ea:97:shock,
  author        = {Derrida, B. and Lebowitz, J. L. and Speer, E. R.},
  doi           = {10.1007/BF02770758},
  fjournal      = {Journal of Statistical Physics},
  issn          = {0022-4715,1572-9613},
  journal       = {J. Statist. Phys.},
  mrclass       = {82C22 (60K35)},
  mrnumber      = {1492490},
  mrreviewer    = {Pablo\ A.\ Ferrari},
  note          = {Dedicated to Bernard Jancovici},
  number        = {1-2},
  pages         = {135--167},
  title         = {Shock profiles for the asymmetric simple exclusion process in one dimension},
  url           = {https://doi.org/10.1007/BF02770758},
  volume        = {89},
  year          = {1997}
}
