@article{derrida.gerschenfeld:09:current,
 author = {Derrida, Bernard and Gerschenfeld, Antoine},
 doi = {10.1007/s10955-009-9772-7},
 fjournal = {Journal of Statistical Physics},
 issn = {0022-4715,1572-9613},
 journal = {J. Stat. Phys.},
 mrclass = {82C21 (82C31)},
 mrnumber = {2525223},
 mrreviewer = {Peter\ Eichelsbacher},
 number = {1},
 pages = {1--15},
 title = {Current fluctuations of the one dimensional symmetric simple exclusion process with step initial condition},
 url = {https://doi.org/10.1007/s10955-009-9772-7},
 volume = {136},
 year = {2009}
}
