@incollection{derrida.manrubia.ea:00:distribution,
  author        = {Derrida, Bernard and Manrubia, Susanna C. and Zanette, Dami\'an H.},
  doi           = {10.1016/S0378-4371(00)00031-5},
  fjournal      = {Physica A. Statistical Mechanics and its Applications},
  issn          = {0378-4371},
  journal       = {Phys. A},
  mrclass       = {92D15 (82B28)},
  mrnumber      = {1777384},
  note          = {StatPhys-Taiwan-1999: equilibrium and non-equilibrium phase transitions (Taipei/Hualien, 1999)},
  number        = {1-4},
  pages         = {1--16},
  title         = {Distribution of repetitions of ancestors in genealogical trees},
  url           = {https://doi.org/10.1016/S0378-4371(00)00031-5},
  volume        = {281},
  year          = {2000}
}
