@article{derrida.flyvbjerg:87:random,
 author = {Derrida, B. and Flyvbjerg, H.},
 doi = {10.1051/jphys:01987004806097100},
 fjournal = {Le Journal de Physique},
 issn = {0302-0738},
 journal = {J. Physique},
 mrclass = {82A42 (58F08 58F12 82A57)},
 mrnumber = {900557},
 number = {6},
 pages = {971--978},
 title = {The random map model: a disordered model with
deterministic dynamics},
 url = {https://doi.org/10.1051/jphys:01987004806097100},
 volume = {48},
 year = {1987}
}
