@incollection{derrida:06:matrix,
 author = {Derrida, Bernard},
 booktitle = {International {C}ongress of {M}athematicians. {V}ol. {III}},
 isbn = {978-3-03719-022-7},
 mrclass = {82C22 (60F10 60K35 82C26)},
 mrnumber = {2275686},
 mrreviewer = {Ellen\ Saada},
 pages = {367--382},
 publisher = {Eur. Math. Soc., Z\"urich},
 title = {Matrix ansatz large deviations of the density in exclusion processes},
 year = {2006}
}
