@article{derrida.lebowitz.ea:91:fluctuations,
 author = {Derrida, B. and Lebowitz, J. L. and Speer, E. R. and
Spohn, H.},
 doi = {10.1103/PhysRevLett.67.165},
 fjournal = {Physical Review Letters},
 issn = {0031-9007},
 journal = {Phys. Rev. Lett.},
 mrclass = {82B24 (82C24)},
 mrnumber = {1113639},
 number = {2},
 pages = {165--168},
 title = {Fluctuations of a stationary nonequilibrium interface},
 url = {https://doi.org/10.1103/PhysRevLett.67.165},
 volume = {67},
 year = {1991}
}
