@article{derrida.herrmann:83:collapse,
 author = {Derrida, B. and Herrmann, H. J.},
 doi = {10.1051/jphys:0198300440120136500},
 fjournal = {Le Journal de Physique},
 issn = {0302-0738},
 journal = {J. Physique},
 mrclass = {82A51},
 mrnumber = {730167},
 number = {12},
 pages = {1365--1376},
 title = {Collapse of branched polymers},
 url = {https://doi.org/10.1051/jphys:0198300440120136500},
 volume = {44},
 year = {1983}
}
