@article{derrida.appert:99:universal,
  author        = {Derrida, B. and Appert, C.},
  doi           = {10.1023/A:1004519626804},
  fjournal      = {Journal of Statistical Physics},
  issn          = {0022-4715,1572-9613},
  journal       = {J. Statist. Phys.},
  mrclass       = {82C22 (60F10 82C24)},
  mrnumber      = {1679690},
  mrreviewer    = {Filippo\ Cesi},
  number        = {1-2},
  pages         = {1--30},
  title         = {Universal large-deviation function of the {K}ardar-{P}arisi-{Z}hang equation in one dimension},
  url           = {https://doi.org/10.1023/A:1004519626804},
  volume        = {94},
  year          = {1999}
}
