@article{derrida.jung-muller:99:genealogical,
  author        = {Derrida, B. and Jung-Muller, B.},
  doi           = {10.1023/A:1004560700396},
  fjournal      = {Journal of Statistical Physics},
  issn          = {0022-4715,1572-9613},
  journal       = {J. Statist. Phys.},
  mrclass       = {92D20 (82B44 82B80)},
  mrnumber      = {1675354},
  number        = {3-4},
  pages         = {277--298},
  title         = {The genealogical tree of a chromosome},
  url           = {https://doi.org/10.1023/A:1004560700396},
  volume        = {94},
  year          = {1999}
}
