@article{derrida.sadhu:19:large,
  author        = {Derrida, Bernard and Sadhu, Tridib},
  doi           = {10.1007/s10955-019-02321-4},
  fjournal      = {Journal of Statistical Physics},
  issn          = {0022-4715,1572-9613},
  journal       = {J. Stat. Phys.},
  mrclass       = {60F10 (60J10 60J60)},
  mrnumber      = {3990215},
  number        = {4},
  pages         = {773--805},
  title         = {Large deviations conditioned on large deviations {I}: {M}arkov chain and {L}angevin equation},
  url           = {https://doi.org/10.1007/s10955-019-02321-4},
  volume        = {176},
  year          = {2019}
}
