@article{derrida.hirschberg.ea:21:large,
 author = {Derrida, Bernard and Hirschberg, Ori and Sadhu, Tridib},
 doi = {10.1007/s10955-020-02680-3},
 fjournal = {Journal of Statistical Physics},
 issn = {0022-4715,1572-9613},
 journal = {J. Stat. Phys.},
 mrclass = {82C10 (82C22)},
 mrnumber = {4197416},
 number = {1},
 pages = {Paper No. 15, 13},
 title = {Large deviations in the symmetric simple exclusion process
with slow boundaries},
 url = {https://doi.org/10.1007/s10955-020-02680-3},
 volume = {182},
 year = {2021}
}
