@article{derrida.gardner:84:renormalisation,
 author = {Derrida, B. and Gardner, E.},
 fjournal = {Journal of Physics. A. Mathematical and General},
 issn = {0305-4470,1751-8121},
 journal = {J. Phys. A},
 mrclass = {82A57 (82A25)},
 mrnumber = {772152},
 number = {16},
 pages = {3223--3236},
 title = {Renormalisation group study of a disordered model},
 url = {http://stacks.iop.org/0305-4470/17/3223},
 volume = {17},
 year = {1984}
}
