@article{derrida.flyvbjerg:87:statistical,
 author = {Derrida, B. and Flyvbjerg, H.},
 fjournal = {Journal of Physics. A. Mathematical and General},
 issn = {0305-4470,1751-8121},
 journal = {J. Phys. A},
 mrclass = {82A57},
 mrnumber = {914705},
 mrreviewer = {A.\ Comtet},
 number = {15},
 pages = {5273--5288},
 title = {Statistical properties of randomly broken objects and of
multivalley structures in disordered systems},
 url = {http://stacks.iop.org/0305-4470/20/5273},
 volume = {20},
 year = {1987}
}
