@incollection{derrida:90:dynamical,
 author = {Derrida, Bernard},
 booktitle = {Fundamental problems in statistical mechanics {VII}
({A}ltenberg, 1989)},
 isbn = {0-444-88432-7},
 mrclass = {82C26 (68Q68 82-02 82C20 82C32)},
 mrnumber = {1103833},
 pages = {273--309},
 publisher = {North-Holland, Amsterdam},
 title = {Dynamical phase transitions in spin models and automata},
 year = {1990}
}
