@incollection{derrida:91:zeroes,
 author = {Derrida, B.},
 doi = {10.1016/0378-4371(91)90130-5},
 fjournal = {Physica A},
 issn = {0378-4371},
 journal = {Phys. A},
 mrclass = {82B05 (30C15 82B26)},
 mrnumber = {1137017},
 mrreviewer = {James\ L.\ Monroe},
 note = {Current problems in statistical mechanics (Washington, DC,
1991)},
 number = {1-3},
 pages = {31--37},
 title = {The zeroes of the partition function of the random energy
model},
 url = {https://doi.org/10.1016/0378-4371(91)90130-5},
 volume = {177},
 year = {1991}
}
