@article{derrida.shi:17:slower,
 author = {Derrida, Bernard and Shi, Zhan},
 doi = {10.1088/1751-8121/aa7f98},
 fjournal = {Journal of Physics. A. Mathematical and Theoretical},
 issn = {1751-8113,1751-8121},
 journal = {J. Phys. A},
 mrclass = {60J80 (60F10 60G50 60J65)},
 mrnumber = {3681502},
 number = {34},
 pages = {344001, 13},
 title = {Slower deviations of the branching {B}rownian motion and of branching random walks},
 url = {https://doi.org/10.1088/1751-8121/aa7f98},
 volume = {50},
 year = {2017}
}
