@article{derrida.enaud.ea:05:fluctuations,
 author = {Derrida, B. and Enaud, C. and Landim, C. and Olla, S.},
 doi = {10.1007/s10955-004-1989-x},
 fjournal = {Journal of Statistical Physics},
 issn = {0022-4715,1572-9613},
 journal = {J. Stat. Phys.},
 mrclass = {82C22 (60K35)},
 mrnumber = {2130640},
 mrreviewer = {Marina\ Vachkovskaia},
 number = {5-6},
 pages = {795--811},
 title = {Fluctuations in the weakly asymmetric exclusion process with open boundary conditions},
 url = {https://doi.org/10.1007/s10955-004-1989-x},
 volume = {118},
 year = {2005}
}
