@article{derrida.enaud.ea:04:asymmetric,
 author = {Derrida, B. and Enaud, C. and Lebowitz, J. L.},
 doi = {10.1023/B:JOSS.0000019833.35328.b4},
 fjournal = {Journal of Statistical Physics},
 issn = {0022-4715,1572-9613},
 journal = {J. Statist. Phys.},
 mrclass = {82C22 (60K35)},
 mrnumber = {2070099},
 mrreviewer = {Ellen\ Saada},
 number = {1-2},
 pages = {365--382},
 title = {The asymmetric exclusion process and {B}rownian
excursions},
 url = {https://doi.org/10.1023/B:JOSS.0000019833.35328.b4},
 volume = {115},
 year = {2004}
}
