@article{derrida.domany.ea:92:exact,
 author = {Derrida, B. and Domany, E. and Mukamel, D.},
 doi = {10.1007/BF01050430},
 fjournal = {Journal of Statistical Physics},
 issn = {0022-4715,1572-9613},
 journal = {J. Statist. Phys.},
 mrclass = {60K35 (82C22)},
 mrnumber = {1193854},
 mrreviewer = {T.\ M.\ Liggett},
 number = {3-4},
 pages = {667--687},
 title = {An exact solution of a one-dimensional asymmetric
exclusion model with open boundaries},
 url = {https://doi.org/10.1007/BF01050430},
 volume = {69},
 year = {1992}
}
