@article{derrida.bray.ea:94:nontrivial,
  author        = {Derrida, B. and Bray, A. J. and Godr\`eche, C.},
  fjournal      = {Journal of Physics. A. Mathematical and General},
  issn          = {0305-4470,1751-8121},
  journal       = {J. Phys. A},
  mrclass       = {82B20 (82-04 82B27)},
  mrnumber      = {1282568},
  number        = {11},
  pages         = {L357--L361},
  title         = {Nontrivial exponents in the zero temperature dynamics of the {$1$}D {I}sing and {P}otts models},
  url           = {http://stacks.iop.org/0305-4470/27/L357},
  volume        = {27},
  year          = {1994}
}
