@article{desrosiers.forrester:06:hermite,
 author = {Desrosiers, Patrick and Forrester, Peter J.},
 doi = {10.1016/j.nuclphysb.2006.03.002},
 fjournal = {Nuclear Physics. B. Theoretical, Phenomenological, and Experimental High Energy Physics. Quantum Field Theory and Statistical Systems},
 issn = {0550-3213},
 journal = {Nuclear Phys. B},
 mrclass = {82B44 (15A52 33C90 81R12 82B41)},
 mrnumber = {2227950},
 mrreviewer = {Oleksiy Khorunzhiy},
 number = {3},
 pages = {307--332},
 title = {Hermite and {L}aguerre {$\beta$}-ensembles: asymptotic corrections to the eigenvalue density},
 url = {https://doi.org/10.1016/j.nuclphysb.2006.03.002},
 volume = {743},
 year = {2006}
}
