@article{deuschel.zeitouni:99:on,
 author = {Deuschel, Jean-Dominique and Zeitouni, Ofer},
 doi = {10.1017/S0963548399003776},
 fjournal = {Combinatorics, Probability and Computing},
 issn = {0963-5483},
 journal = {Combin. Probab. Comput.},
 mrclass = {60F10 (60C05)},
 mrnumber = {1702546},
 mrreviewer = {Timo Sepp\"{a}l\"{a}inen},
 number = {3},
 pages = {247--263},
 title = {On increasing subsequences of {I}.{I}.{D}. samples},
 url = {https://doi.org/10.1017/S0963548399003776},
 volume = {8},
 year = {1999}
}
