@article{devore.jawerth.ea:92:compression,
  author        = {DeVore, Ronald A. and Jawerth, Bj\"{o}rn and Popov, Vasil},
  doi           = {10.2307/2374796},
  fjournal      = {American Journal of Mathematics},
  issn          = {0002-9327},
  journal       = {Amer. J. Math.},
  mrclass       = {42C15},
  mrnumber      = {1175690},
  mrreviewer    = {Charles K. Chui},
  number        = {4},
  pages         = {737--785},
  title         = {Compression of wavelet decompositions},
  url           = {https://doi.org/10.2307/2374796},
  volume        = {114},
  year          = {1992}
}
