@incollection{deya.tindel:13:malliavin,
  author        = {Deya, Aur\'{e}lien and Tindel, Samy},
  booktitle     = {Malliavin calculus and stochastic analysis},
  doi           = {10.1007/978-1-4614-5906-4\_16},
  mrclass       = {60H15 (60H07)},
  mrnumber      = {3070452},
  mrreviewer    = {Llu\'{i}s Quer-Sardanyons},
  pages         = {361--384},
  publisher     = {Springer, New York},
  series        = {Springer Proc. Math. Stat.},
  title         = {Malliavin calculus for fractional heat equation},
  url           = {https://doi.org/10.1007/978-1-4614-5906-4_16},
  volume        = {34},
  year          = {2013}
}
