@article{deya:20:on,
  author        = {Deya, Aur\'{e}lien},
  doi           = {10.1214/19-AIHP969},
  fjournal      = {Annales de l'Institut Henri Poincar\'{e} Probabilit\'{e}s et Statistiques},
  issn          = {0246-0203},
  journal       = {Ann. Inst. Henri Poincar\'{e} Probab. Stat.},
  mrclass       = {60H15 (35L71 35R60 60G22)},
  mrnumber      = {4058996},
  number        = {1},
  pages         = {477--501},
  title         = {On a non-linear 2{D} fractional wave equation},
  url           = {https://doi.org/10.1214/19-AIHP969},
  volume        = {56},
  year          = {2020}
}
