@article{dhariwal.huber.ea:21:global,
 author = {Dhariwal, Gaurav and Huber, Florian and J\"{u}ngel, Ansgar and Kuehn, Christian and Neam\c{t}u, Alexandra},
 doi = {10.1214/20-aihp1088},
 fjournal = {Annales de l'Institut Henri Poincar\'{e} Probabilit\'{e}s et Statistiques},
 issn = {0246-0203,1778-7017},
 journal = {Ann. Inst. Henri Poincar\'{e} Probab. Stat.},
 mrclass = {60H15 (35R60)},
 mrnumber = {4255185},
 mrreviewer = {Le\ Chen},
 number = {1},
 pages = {577--602},
 title = {Global martingale solutions for quasilinear {SPDE}s via the boundedness-by-entropy method},
 url = {https://doi.org/10.1214/20-aihp1088},
 volume = {57},
 year = {2021}
}
