@incollection{dhoker:99:string,
  author        = {D'Hoker, Eric},
  booktitle     = {Quantum fields and strings: a course for mathematicians, {V}ol. 1, 2 ({P}rinceton, {NJ}, 1996/1997)},
  mrclass       = {81T30 (81-02 83E30)},
  mrnumber      = {1701611},
  mrreviewer    = {Douglas J. Smith},
  pages         = {807--1011},
  publisher     = {Amer. Math. Soc., Providence, RI},
  title         = {String theory},
  year          = {1999}
}
