@book{di-francesco.mathieu.ea:97:conformal,
  author        = {Di Francesco, Philippe and Mathieu, Pierre and S\'{e}n\'{e}chal, David},
  doi           = {10.1007/978-1-4612-2256-9},
  isbn          = {0-387-94785-X},
  mrclass       = {81T40 (81-02)},
  mrnumber      = {1424041},
  mrreviewer    = {Christoph Schweigert},
  pages         = {xxii+890},
  publisher     = {Springer-Verlag, New York},
  series        = {Graduate Texts in Contemporary Physics},
  title         = {Conformal field theory},
  url           = {https://doi.org/10.1007/978-1-4612-2256-9},
  year          = {1997}
}
