@book{diaconis.skyrms:18:ten,
  author        = {Diaconis, Persi and Skyrms, Brian},
  isbn          = {978-0-691-17416-7},
  mrclass       = {60A05 (00A09 01A05 60-03 62A01 62C10)},
  mrnumber      = {3702017},
  mrreviewer    = {David R. Bickel},
  pages         = {x+255},
  publisher     = {Princeton University Press, Princeton, NJ},
  title         = {Ten great ideas about chance},
  year          = {2018}
}
