@article{diaz.nagai:95:symmetrization,
 author = {Diaz, Jesus Ildefonso and Nagai, Toshitaka},
 fjournal = {Advances in Mathematical Sciences and Applications},
 issn = {1343-4373},
 journal = {Adv. Math. Sci. Appl.},
 mrclass = {35Q80 (35B05 35M10 92C15)},
 mrnumber = {1361010},
 mrreviewer = {Yoram Schiffmann},
 number = {2},
 pages = {659--680},
 title = {Symmetrization in a parabolic-elliptic system related to chemotaxis},
 volume = {5},
 year = {1995}
}
