@article{diehl.ebrahimi-fard.ea:25:on,
  author        = {Diehl, Joscha and Ebrahimi-Fard, Kurusch and Harang, Fabian N. and Tindel, Samy},
  doi           = {10.1016/j.spa.2025.104661},
  fjournal      = {Stochastic Processes and their Applications},
  issn          = {0304-4149,1879-209X},
  journal       = {Stochastic Process. Appl.},
  mrclass       = {60L10 (60L20 60L70 60L90)},
  mrnumber      = {4897732},
  pages         = {Paper No. 104661, 26},
  title         = {On the signature of an image},
  url           = {https://doi.org/10.1016/j.spa.2025.104661},
  volume        = {187},
  year          = {2025}
}
