@article{diejen:04:on,
 author = {van Diejen, J. F.},
 doi = {10.1007/s00023-004-0163-y},
 fjournal = {Annales Henri Poincar\'{e}. A Journal of Theoretical and Mathematical Physics},
 issn = {1424-0637},
 journal = {Ann. Henri Poincar\'{e}},
 mrclass = {81R12 (33C90 43A90 81Q10)},
 mrnumber = {2036819},
 number = {1},
 pages = {135--168},
 title = {On the {P}lancherel formula for the (discrete) {L}aplacian in a {W}eyl chamber with repulsive boundary conditions at the walls},
 url = {https://doi.org/10.1007/s00023-004-0163-y},
 volume = {5},
 year = {2004}
}
