@article{dieker.warren:09:on,
  author        = {Dieker, A. B. and Warren, J.},
  fjournal      = {ALEA. Latin American Journal of Probability and Mathematical Statistics},
  journal       = {ALEA Lat. Am. J. Probab. Math. Stat.},
  mrclass       = {60B20 (60K35)},
  mrnumber      = {2557876},
  mrreviewer    = {Florent Benaych-Georges},
  pages         = {369--376},
  title         = {On the largest-eigenvalue process for generalized {W}ishart random matrices},
  volume        = {6},
  year          = {2009}
}
