@article{diel:11:almost,
 author = {Diel, Roland},
 doi = {10.1016/j.spa.2011.06.002},
 fjournal = {Stochastic Processes and their Applications},
 issn = {0304-4149},
 journal = {Stochastic Process. Appl.},
 mrclass = {60J25 (60J55 60J60 60K37)},
 mrnumber = {2822778},
 mrreviewer = {Firas Rassoul-Agha},
 number = {10},
 pages = {2303--2330},
 title = {Almost sure asymptotics for the local time of a diffusion
in {B}rownian environment},
 url = {https://doi.org/10.1016/j.spa.2011.06.002},
 volume = {121},
 year = {2011}
}
