@article{dieng:05:distribution,
 author = {Dieng, Momar},
 doi = {10.1155/IMRN.2005.2263},
 fjournal = {International Mathematics Research Notices},
 issn = {1073-7928},
 journal = {Int. Math. Res. Not.},
 mrclass = {60A10 (15A18 15A52 33E17 60E05 82B31)},
 mrnumber = {2181265},
 mrreviewer = {Catherine Donati-Martin},
 number = {37},
 pages = {2263--2287},
 title = {Distribution functions for edge eigenvalues in orthogonal
and symplectic ensembles: {P}ainlev\'{e} representations},
 url = {https://doi.org/10.1155/IMRN.2005.2263},
 year = {2005}
}
