@book{dieudonne:60:foundations,
 author = {Dieudonn\'{e}, J.},
 mrclass = {26.00 (30.00)},
 mrnumber = {120319},
 mrreviewer = {J. L. Kelley},
 pages = {xiv+361},
 publisher = {Academic Press, New York-London},
 series = {Pure and Applied Mathematics, Vol. X},
 title = {Foundations of modern analysis},
 year = {1960}
}
