@article{diez.maia.ea:25:mathematical,
  author        = {Charles-Philippe Diez and Luis da Maia and Ivan Nourdin},
  journal       = {Preprint arXiv:2509.03065},
  month         = {September},
  title         = {Mathematical research with GPT-5: a Malliavin-Stein experiment},
  url           = {http://arXiv.org/abs/2509.03065},
  year          = {2025}
}
