@article{digernes.varadarajan.ea:94:finite,
  author        = {Digernes, Trond and Varadarajan, V. S. and Varadhan, S. R. S.},
  doi           = {10.1142/S0129055X94000213},
  fjournal      = {Reviews in Mathematical Physics. A Journal for Both Review and Original Research Papers in the Field of Mathematical Physics},
  issn          = {0129-055X,1793-6659},
  journal       = {Rev. Math. Phys.},
  mrclass       = {81Q05 (81-08)},
  mrnumber      = {1290691},
  number        = {4},
  pages         = {621--648},
  title         = {Finite approximations to quantum systems},
  url           = {https://doi.org/10.1142/S0129055X94000213},
  volume        = {6},
  year          = {1994}
}
