@article{dijkstra:59:note,
 author = {Dijkstra, Edsger W},
 journal = {Numerische Mathematik},
 number = {1},
 pages = {269--271},
 title = {A note on two problems in connexion with graphs},
 volume = {1},
 year = {1959}
}
