@article{dikshit:68:absolute,
  author        = {Dikshit, H. P.},
  fjournal      = {Rendiconti di Matematica. Serie VI.},
  issn          = {0034-4427},
  journal       = {Rend. Mat. (6)},
  mrclass       = {42.20},
  mrnumber      = {241892},
  mrreviewer    = {S. M. Mazhar},
  pages         = {319--330},
  title         = {Absolute {$(N,\,p_{n})$} summability of a {F}ourier series},
  volume        = {1},
  year          = {1968}
}
