@incollection{dilcher:10:bernoulli,
 author = {Dilcher, K.},
 booktitle = {N{IST} handbook of mathematical functions},
 mrclass = {11B68 (33C45)},
 mrnumber = {2655364},
 pages = {587--599},
 publisher = {U.S. Dept. Commerce, Washington, DC},
 title = {Bernoulli and {E}uler polynomials},
 year = {2010}
}
