@article{ding.dunlap:19:liouville,
  author        = {Ding, Jian and Dunlap, Alexander},
  doi           = {10.1214/18-AOP1267},
  fjournal      = {The Annals of Probability},
  issn          = {0091-1798,2168-894X},
  journal       = {Ann. Probab.},
  mrclass       = {60K35 (60G60 82B43)},
  mrnumber      = {3916932},
  number        = {2},
  pages         = {690--742},
  title         = {Liouville first-passage percolation: subsequential scaling limits at high temperature},
  url           = {https://doi.org/10.1214/18-AOP1267},
  volume        = {47},
  year          = {2019}
}
