@article{ding.zeitouni:14:extreme,
 author = {Ding, Jian and Zeitouni, Ofer},
 doi = {10.1214/13-AOP859},
 fjournal = {The Annals of Probability},
 issn = {0091-1798},
 journal = {Ann. Probab.},
 mrclass = {60G15 (60G60 60G70)},
 mrnumber = {3262484},
 number = {4},
 pages = {1480--1515},
 title = {Extreme values for two-dimensional discrete {G}aussian free field},
 url = {https://doi.org/10.1214/13-AOP859},
 volume = {42},
 year = {2014}
}
