@article{ding.zeitouni:12:sharp,
 author = {Ding, Jian and Zeitouni, Ofer},
 doi = {10.1016/j.spa.2012.03.008},
 fjournal = {Stochastic Processes and their Applications},
 issn = {0304-4149,1879-209X},
 journal = {Stochastic Process. Appl.},
 mrclass = {60G50 (60G15)},
 mrnumber = {2921974},
 mrreviewer = {Edward\ C.\ Waymire},
 number = {5},
 pages = {2117--2133},
 title = {A sharp estimate for cover times on binary trees},
 url = {https://doi.org/10.1016/j.spa.2012.03.008},
 volume = {122},
 year = {2012}
}
