@article{ding.gwynne:23:tightness,
  author        = {Ding, Jian and Gwynne, Ewain},
  doi           = {10.4171/jems/1273},
  fjournal      = {Journal of the European Mathematical Society (JEMS)},
  issn          = {1435-9855},
  journal       = {J. Eur. Math. Soc. (JEMS)},
  mrclass       = {60D05 (60G60 60K35)},
  mrnumber      = {4634685},
  number        = {10},
  pages         = {3833--3911},
  title         = {Tightness of supercritical {L}iouville first passage percolation},
  url           = {https://doi.org/10.4171/jems/1273},
  volume        = {25},
  year          = {2023}
}
