@article{ding.song.ea:23:new,
  author        = {Ding, Jian and Song, Jian and Sun, Rongfeng},
  doi           = {10.1007/s00440-022-01132-1},
  fjournal      = {Probability Theory and Related Fields},
  issn          = {0178-8051},
  journal       = {Probab. Theory Related Fields},
  mrclass       = {82B20 (60K35 60K37 82B44)},
  mrnumber      = {4586225},
  mrreviewer    = {Eric O. Endo},
  number        = {1-2},
  pages         = {477--492},
  title         = {A new correlation inequality for {I}sing models with external fields},
  url           = {https://doi.org/10.1007/s00440-022-01132-1},
  volume        = {186},
  year          = {2023}
}
