@article{disser.hackfeld.ea:19:tight,
 author = {Yann Disser and Jan Hackfeld and Max Klimm},
 journal = {J. {ACM}},
 number = {6},
 pages = {40:1--40:41},
 title = {Tight Bounds for Undirected Graph Exploration with Pebbles
and Multiple Agents},
 volume = {66},
 year = {2019}
}
