@article{dkhil:04:singular,
 author = {Dkhil, Fathi},
 fjournal = {Hiroshima Mathematical Journal},
 issn = {0018-2079},
 journal = {Hiroshima Math. J.},
 mrclass = {35K57 (35K50 35K65 92C17)},
 mrnumber = {2046455},
 mrreviewer = {Joseph So},
 number = {1},
 pages = {101--115},
 title = {Singular limit of a degenerate chemotaxis-{F}isher
equation},
 url = {http://projecteuclid.org/euclid.hmj/1150998073},
 volume = {34},
 year = {2004}
}
