@inproceedings{dobrev.kralovic.ea:12:online*1,
 author = {Stefan Dobrev and Rastislav Kr{\'{a}}lovic and Euripides
Markou},
 booktitle = {{SIROCCO}},
 pages = {267--278},
 publisher = {Springer},
 series = {Lecture Notes in Computer Science},
 title = {Online Graph Exploration with Advice},
 volume = {7355},
 year = {2012}
}
