@incollection{dobrev.kralovic.ea:12:online,
 author = {Dobrev, Stefan and Kr{\'a}lovi{\v{c}}, Rastislav and
Markou, Euripides},
 booktitle = {Structural Information and Communication Complexity},
 pages = {267--278},
 publisher = {Springer},
 title = {Online graph exploration with advice},
 year = {2012}
}
