@book{doetsch:74:introduction,
 author = {Doetsch, Gustav},
 mrclass = {44A10},
 mrnumber = {0344810},
 note = {Translated from the second German edition by Walter
Nader},
 pages = {vii+326},
 publisher = {Springer-Verlag, New York-Heidelberg},
 title = {Introduction to the theory and application of the
{L}aplace transformation},
 year = {1974}
}
