@book{doi.edwards:86:theory,
 author = {Doi, Masao and Edwards, Sam F},
 isbn = {198520336, 9780198520337},
 pages = {391},
 publisher = {Oxford university press},
 title = {The theory of polymer dynamics},
 year = {1986}
}
