@article{dolak.schmeiser:05:keller-segel,
  author        = {Dolak, Yasmin and Schmeiser, Christian},
  doi           = {10.1137/040612841},
  fjournal      = {SIAM Journal on Applied Mathematics},
  issn          = {0036-1399},
  journal       = {SIAM J. Appl. Math.},
  mrclass       = {35K57 (35B25 35B40 92C17)},
  mrnumber      = {2179753},
  mrreviewer    = {Dirk Horstmann},
  number        = {1},
  pages         = {286--308},
  title         = {The {K}eller-{S}egel model with logistic sensitivity function and small diffusivity},
  url           = {https://doi.org/10.1137/040612841},
  volume        = {66},
  year          = {2005}
}
