@article{domb.joyce:72:cluster,
  author        = {C Domb and G S Joyce},
  doi           = {10.1088/0022-3719/5/9/009},
  fjournal      = {Journal of Physics C: Solid State Physics},
  journal       = {J. Phys. C: Solid State Phys.},
  month         = {may},
  number        = {9},
  pages         = {956},
  title         = {Cluster expansion for a polymer chain},
  url           = {https://dx.doi.org/10.1088/0022-3719/5/9/009},
  volume        = {5},
  year          = {1972}
}
