@article{domingo..ea:17:boundedness,
 author = {Domingo, Dario and d'Onofrio, Alberto and Flandoli,
Franco},
 doi = {10.1063/1.4977081},
 fjournal = {Journal of Mathematical Physics},
 issn = {0022-2488,1089-7658},
 journal = {J. Math. Phys.},
 mrclass = {60H10 (60H30)},
 mrnumber = {3614938},
 mrreviewer = {Hao\ Ge},
 number = {3},
 pages = {033301, 14},
 title = {Boundedness vs unboundedness of a noise linked to
{T}sallis q-statistics: the role of the overdamped
approximation},
 url = {https://doi.org/10.1063/1.4977081},
 volume = {58},
 year = {2017}
}
