@article{domingo..ea:20:properties,
 author = {Domingo, Dario and d'Onofrio, Alberto and Flandoli, Franco},
 doi = {10.1080/07362994.2019.1694416},
 fjournal = {Stochastic Analysis and Applications},
 issn = {0736-2994,1532-9356},
 journal = {Stoch. Anal. Appl.},
 mrclass = {60H30 (60H10 92C05)},
 mrnumber = {4060521},
 mrreviewer = {Etienne\ Tanr\'{e}},
 number = {2},
 pages = {277--306},
 title = {Properties of bounded stochastic processes employed in biophysics},
 url = {https://doi.org/10.1080/07362994.2019.1694416},
 volume = {38},
 year = {2020}
}
