@article{dong.li.ea:12:stationary,
 author = {Dong, Zhao and Li, Wenbo V. and Zhai, Jianliang},
 doi = {10.1142/S0219493712003559},
 fjournal = {Stochastics and Dynamics},
 issn = {0219-4937,1793-6799},
 journal = {Stoch. Dyn.},
 mrclass = {60H15 (35D30 35Q30 35R60)},
 mrnumber = {2887918},
 mrreviewer = {Jan\ I.\ Seidler},
 number = {1},
 pages = {1150006, 22},
 title = {Stationary weak solutions for stochastic 3{D} {N}avier-{S}tokes equations with {L}\'{e}vy noise},
 url = {https://doi.org/10.1142/S0219493712003559},
 volume = {12},
 year = {2012}
}
