@book{donoghue:69:distributions,
 author = {Donoghue, Jr., William F.},
 mrclass = {42-01 (28-01 30-01 60-01)},
 mrnumber = {3363413},
 pages = {viii+315},
 publisher = {Academic Press, New York},
 series = {Pure and Applied Mathematics},
 title = {Distributions and {F}ourier transforms},
 volume = {32},
 year = {1969}
}
