@article{donsker.varadhan:85:large,
  author        = {Donsker, M. D. and Varadhan, S. R. S.},
  fjournal      = {Communications in Mathematical Physics},
  issn          = {0010-3616,1432-0916},
  journal       = {Comm. Math. Phys.},
  mrclass       = {60G15 (60F10)},
  mrnumber      = {782966},
  mrreviewer    = {Sujit\ K.\ Basu},
  number        = {1-2},
  pages         = {187--210},
  title         = {Large deviations for stationary {G}aussian processes},
  url           = {http://projecteuclid.org/euclid.cmp/1103941986},
  volume        = {97},
  year          = {1985}
}
