@article{donsker.varadhan:76:asymptotic,
 author = {Donsker, M. D. and Varadhan, S. R. S.},
 doi = {10.1002/cpa.3160290405},
 fjournal = {Communications on Pure and Applied Mathematics},
 issn = {0010-3640},
 journal = {Comm. Pure Appl. Math.},
 mrclass = {60J25 (60G15)},
 mrnumber = {428471},
 mrreviewer = {D. W. Stroock},
 number = {4},
 pages = {389--461},
 title = {Asymptotic evaluation of certain {M}arkov process
expectations for large time. {III}},
 url = {https://doi.org/10.1002/cpa.3160290405},
 volume = {29},
 year = {1976}
}
