@article{donsker.varadhan:79:on,
 author = {Donsker, M. D. and Varadhan, S. R. S.},
 doi = {10.1002/cpa.3160320602},
 fjournal = {Communications on Pure and Applied Mathematics},
 issn = {0010-3640,1097-0312},
 journal = {Comm. Pure Appl. Math.},
 mrclass = {60J15 (60F10)},
 mrnumber = {539157},
 mrreviewer = {W.\ E.\ Pruitt},
 number = {6},
 pages = {721--747},
 title = {On the number of distinct sites visited by a random walk},
 url = {https://doi.org/10.1002/cpa.3160320602},
 volume = {32},
 year = {1979}
}
