@book{doob:53:stochastic,
 author = {Doob, J. L.},
 mrclass = {60.0X},
 mrnumber = {0058896},
 mrreviewer = {D. G. Kendall},
 pages = {viii+654},
 publisher = {John Wiley \& Sons, Inc., New York; Chapman \& Hall, Ltd., London},
 title = {Stochastic processes},
 year = {1953}
}
