@article{dotsenko:13:distribution,
 author = {Dotsenko, Victor},
 doi = {10.1088/1742-5468/2013/02/p02012},
 fjournal = {Journal of Statistical Mechanics: Theory and Experiment},
 journal = {J. Stat. Mech. Theory Exp.},
 mrclass = {82B44 (82B23 82D60)},
 mrnumber = {3041935},
 number = {2},
 pages = {P02012, 20},
 title = {Distribution function of the endpoint fluctuations of
one-dimensional directed polymers in a random potential},
 url = {https://doi.org/10.1088/1742-5468/2013/02/p02012},
 year = {2013}
}
