@article{dovidio.nane:16:fractional,
  author        = {D'Ovidio, Mirko and Nane, Erkan},
  doi           = {10.1080/07362994.2015.1116997},
  fjournal      = {Stochastic Analysis and Applications},
  issn          = {0736-2994},
  journal       = {Stoch. Anal. Appl.},
  mrclass       = {60G60 (60G22 60H99)},
  mrnumber      = {3462135},
  number        = {2},
  pages         = {232--257},
  title         = {Fractional {C}auchy problems on compact manifolds},
  url           = {https://doi.org/10.1080/07362994.2015.1116997},
  volume        = {34},
  year          = {2016}
}
