@article{dozier.silverstein:07:on,
 author = {Dozier, R. Brent and Silverstein, Jack W.},
 doi = {10.1016/j.jmva.2006.09.006},
 fjournal = {Journal of Multivariate Analysis},
 issn = {0047-259X},
 journal = {J. Multivariate Anal.},
 mrclass = {60F15 (62H10)},
 mrnumber = {2322123},
 number = {4},
 pages = {678--694},
 title = {On the empirical distribution of eigenvalues of large
dimensional information-plus-noise-type matrices},
 url = {https://doi.org/10.1016/j.jmva.2006.09.006},
 volume = {98},
 year = {2007}
}
