@article{drivas.dunlap.ea:23:invariant,
  author        = {Drivas, Theodore D. and Dunlap, Alexander and Graham, Cole and La, Joonhyun and Ryzhik, Lenya},
  doi           = {10.1088/1361-6544/acdb3a},
  fjournal      = {Nonlinearity},
  issn          = {0951-7715,1361-6544},
  journal       = {Nonlinearity},
  mrclass       = {37L40 (35R60 37L55 60H15)},
  mrnumber      = {4619242},
  mrreviewer    = {Xing\ Cheng},
  number        = {9},
  pages         = {4553--4584},
  title         = {Invariant measures for stochastic conservation laws on the line},
  url           = {https://doi.org/10.1088/1361-6544/acdb3a},
  volume        = {36},
  year          = {2023}
}
