@article{drosinou.kavallaris.ea:21:study,
  author        = {Drosinou, Ourania and Kavallaris, Nikos I. and Nikolopoulos, Christos V.},
  doi           = {10.1002/mma.7393},
  fjournal      = {Mathematical Methods in the Applied Sciences},
  issn          = {0170-4214},
  journal       = {Math. Methods Appl. Sci.},
  mrclass       = {35K55 (35J60 74G55 74H35 74K15)},
  mrnumber      = {4284832},
  number        = {13},
  pages         = {10084--10120},
  title         = {A study of a nonlocal problem with {R}obin boundary conditions arising from technology},
  url           = {https://doi.org/10.1002/mma.7393},
  volume        = {44},
  year          = {2021}
}
