@article{du.li.ea:22:propagation,
 author = {Du, Li-Jun and Li, Wan-Tong and Shen, Wenxian},
 doi = {10.1016/j.jfa.2022.109415},
 fjournal = {Journal of Functional Analysis},
 issn = {0022-1236,1096-0783},
 journal = {J. Funct. Anal.},
 mrclass = {35C07 (35K57 37C65 37N25 92D25)},
 mrnumber = {4379905},
 number = {9},
 pages = {Paper No. 109415, 59},
 title = {Propagation phenomena for time-space periodic monotone
semiflows and applications to cooperative systems in
multi-dimensional media},
 url = {https://doi.org/10.1016/j.jfa.2022.109415},
 volume = {282},
 year = {2022}
}
