@book{duan.wang:14:effective,
  author        = {Duan, Jinqiao and Wang, Wei},
  isbn          = {978-0-12-800882-9},
  mrclass       = {60H15 (35R60)},
  mrnumber      = {3289240},
  mrreviewer    = {Paul Andr\'{e} Razafimandimby},
  pages         = {xii+270},
  publisher     = {Elsevier, Amsterdam},
  series        = {Elsevier Insights},
  title         = {Effective dynamics of stochastic partial differential equations},
  year          = {2014}
}
