@article{dubedat:09:duality,
 author = {Dub\'{e}dat, Julien},
 doi = {10.24033/asens.2107},
 fjournal = {Annales Scientifiques de l'\'{E}cole Normale
Sup\'{e}rieure. Quatri\`eme S\'{e}rie},
 issn = {0012-9593},
 journal = {Ann. Sci. \'{E}c. Norm. Sup\'{e}r. (4)},
 mrclass = {60J67},
 mrnumber = {2571956},
 mrreviewer = {Dmitry Beliaev},
 number = {5},
 pages = {697--724},
 title = {Duality of {S}chramm-{L}oewner evolutions},
 url = {https://doi.org/10.24033/asens.2107},
 volume = {42},
 year = {2009}
}
