@article{dubedat:06:euler,
  author        = {Dub\'{e}dat, Julien},
  doi           = {10.1007/s10955-006-9132-9},
  fjournal      = {Journal of Statistical Physics},
  issn          = {0022-4715},
  journal       = {J. Stat. Phys.},
  mrclass       = {82B43 (60K35 82B41)},
  mrnumber      = {2253875},
  mrreviewer    = {Jos\'{e} A. Trujillo Ferreras},
  number        = {6},
  pages         = {1183--1218},
  title         = {Euler integrals for commuting {SLE}s},
  url           = {https://doi.org/10.1007/s10955-006-9132-9},
  volume        = {123},
  year          = {2006}
}
