@incollection{duc.nualart.ea:89:planar,
  author        = {Nguyen Minh Duc and Nualart, D. and Sanz, M.},
  booktitle     = {S\'{e}minaire de {P}robabilit\'{e}s, {XXIII}},
  doi           = {10.1007/BFb0084000},
  mrclass       = {60G44 (60G48)},
  mrnumber      = {1022938},
  mrreviewer    = {Peter Imkeller},
  pages         = {566--582},
  publisher     = {Springer, Berlin},
  series        = {Lecture Notes in Math.},
  title         = {Planar semimartingales obtained by transformations of two-parameter martingales},
  url           = {https://doi.org/10.1007/BFb0084000},
  volume        = {1372},
  year          = {1989}
}
