@book{dudley:89:real,
  author        = {Dudley, Richard M.},
  isbn          = {0-534-10050-3},
  mrclass       = {60-01 (00A05 28-01 46-01)},
  mrnumber      = {982264},
  mrreviewer    = {Evarist Gin\'{e}},
  pages         = {xii+436},
  publisher     = {Wadsworth \& Brooks/Cole Advanced Books \& Software, Pacific Grove, CA},
  series        = {The Wadsworth \& Brooks/Cole Mathematics Series},
  title         = {Real analysis and probability},
  year          = {1989}
}
