@article{duerinckx:16:mean-field,
  author        = {Duerinckx, Mitia},
  doi           = {10.1137/15M1042620},
  fjournal      = {SIAM Journal on Mathematical Analysis},
  issn          = {0036-1410},
  journal       = {SIAM J. Math. Anal.},
  mrclass       = {82C05 (35K55 35R11 82C22)},
  mrnumber      = {3514713},
  mrreviewer    = {Rafael Silva Sasportes},
  number        = {3},
  pages         = {2269--2300},
  title         = {Mean-field limits for some {R}iesz interaction gradient flows},
  url           = {https://doi.org/10.1137/15M1042620},
  volume        = {48},
  year          = {2016}
}
