@article{duerinckx.otto:20:higher-order,
  author        = {Duerinckx, Mitia and Otto, Felix},
  doi           = {10.1007/s40072-019-00156-4},
  fjournal      = {Stochastic Partial Differential Equations. Analysis and Computations},
  issn          = {2194-0401},
  journal       = {Stoch. Partial Differ. Equ. Anal. Comput.},
  mrclass       = {35B27 (35J15)},
  mrnumber      = {4147699},
  number        = {3},
  pages         = {625--692},
  title         = {Higher-order pathwise theory of fluctuations in stochastic homogenization},
  url           = {https://doi.org/10.1007/s40072-019-00156-4},
  volume        = {8},
  year          = {2020}
}
