@article{dumaz.virag:13:right,
 author = {Dumaz, Laure and Vir\'{a}g, B\'{a}lint},
 doi = {10.1214/11-AIHP475},
 fjournal = {Annales de l'Institut Henri Poincar\'{e} Probabilit\'{e}s
et Statistiques},
 issn = {0246-0203},
 journal = {Ann. Inst. Henri Poincar\'{e} Probab. Stat.},
 mrclass = {60F10 (60B20 60H25)},
 mrnumber = {3127907},
 mrreviewer = {Dominique L\'{e}pingle},
 number = {4},
 pages = {915--933},
 title = {The right tail exponent of the {T}racy-{W}idom {$\beta$}
distribution},
 url = {https://doi.org/10.1214/11-AIHP475},
 volume = {49},
 year = {2013}
}
