@article{dumaz.labbe:23:delocalized,
 author = {Dumaz, Laure and Labb\'{e}, Cyril},
 doi = {10.1214/22-aop1591},
 fjournal = {The Annals of Probability},
 issn = {0091-1798},
 journal = {Ann. Probab.},
 mrclass = {60H25 (60B20 60J60)},
 mrnumber = {4583056},
 mrreviewer = {Jan I. Seidler},
 number = {3},
 pages = {805--839},
 title = {The delocalized phase of the {A}nderson {H}amiltonian in 1-{D}},
 url = {https://doi.org/10.1214/22-aop1591},
 volume = {51},
 year = {2023}
}
