@incollection{duminil-copin.smirnov:12:conformal,
 author = {Duminil-Copin, Hugo and Smirnov, Stanislav},
 booktitle = {Probability and statistical physics in two and more
dimensions},
 mrclass = {60K35 (30C35 30C85 60J67 82B20)},
 mrnumber = {3025392},
 mrreviewer = {Dmitry Beliaev},
 pages = {213--276},
 publisher = {Amer. Math. Soc., Providence, RI},
 series = {Clay Math. Proc.},
 title = {Conformal invariance of lattice models},
 volume = {15},
 year = {2012}
}
