@article{dumitrescu.boland:03:improved,
 author = {Dumitrescu, Irina and Boland, Natashia},
 journal = {Networks: An International Journal},
 number = {3},
 pages = {135--153},
 publisher = {Wiley Online Library},
 title = {Improved preprocessing, labeling and scaling algorithms
for the weight-constrained shortest path problem},
 volume = {42},
 year = {2003}
}
