@article{dumitriu.edelman:02:matrix,
  author        = {Dumitriu, Ioana and Edelman, Alan},
  doi           = {10.1063/1.1507823},
  fjournal      = {Journal of Mathematical Physics},
  issn          = {0022-2488},
  journal       = {J. Math. Phys.},
  mrclass       = {82B41 (33C45 82B10)},
  mrnumber      = {1936554},
  number        = {11},
  pages         = {5830--5847},
  title         = {Matrix models for beta ensembles},
  url           = {https://doi.org/10.1063/1.1507823},
  volume        = {43},
  year          = {2002}
}
