@article{dumitrescu.boland:01:algorithms,
  author        = {Dumitrescu, Irina and Boland, Natashia},
  journal       = {International Transactions in Operational Research},
  number        = {1},
  pages         = {15--29},
  publisher     = {Wiley Online Library},
  title         = {Algorithms for the weight constrained shortest path problem},
  volume        = {8},
  year          = {2001}
}
