@article{dumortier.popovic.ea:07:critical,
 author = {Dumortier, Freddy and Popovi\'{c}, Nikola and Kaper, Tasso J.},
 doi = {10.1088/0951-7715/20/4/004},
 fjournal = {Nonlinearity},
 issn = {0951-7715},
 journal = {Nonlinearity},
 mrclass = {35K55 (34E05 34E15)},
 mrnumber = {2307884},
 mrreviewer = {Andrey B. Muravnik},
 number = {4},
 pages = {855--877},
 title = {The critical wave speed for the {F}isher-{K}olmogorov-{P}etrowskii-{P}iscounov equation with cut-off},
 url = {https://doi.org/10.1088/0951-7715/20/4/004},
 volume = {20},
 year = {2007}
}
