@book{dunford.schwartz:71:linear,
 author = {Dunford, Nelson and Schwartz, Jacob T.},
 mrclass = {47B40 (47-02)},
 mrnumber = {0412888},
 mrreviewer = {Henry R. Dowson},
 note = {With the assistance of William G. Bade and Robert G.
Bartle},
 pages = {i-xx and 1925--2592},
 publisher = {Interscience Publishers [John Wiley \& Sons, Inc.], New
York-London-Sydney},
 series = {Pure and Applied Mathematics, Vol. VII},
 title = {Linear operators. {P}art {III}: {S}pectral operators},
 year = {1971}
}
