@article{dunlap:20:continuum,
  author        = {Dunlap, Alexander},
  doi           = {10.1214/20-ECP342},
  fjournal      = {Electronic Communications in Probability},
  issn          = {1083-589X},
  journal       = {Electron. Commun. Probab.},
  mrclass       = {60H15},
  mrnumber      = {4151881},
  pages         = {Paper No. 64, 14},
  title         = {The continuum parabolic {A}nderson model with a half-{L}aplacian and periodic noise},
  url           = {https://doi.org/10.1214/20-ECP342},
  volume        = {25},
  year          = {2020}
}
