@article{dunlap.gu.ea:20:fluctuations,
 author = {Dunlap, Alexander and Gu, Yu and Ryzhik, Lenya and Zeitouni, Ofer},
 doi = {10.1007/s00440-019-00938-w},
 fjournal = {Probability Theory and Related Fields},
 issn = {0178-8051},
 journal = {Probab. Theory Related Fields},
 mrclass = {35R60 (60H07 60H15)},
 mrnumber = {4087492},
 number = {3-4},
 pages = {1217--1258},
 title = {Fluctuations of the solutions to the {KPZ} equation in dimensions three and higher},
 url = {https://doi.org/10.1007/s00440-019-00938-w},
 volume = {176},
 year = {2020}
}
