@article{dunlap.graham.ea:21:stationary,
  author        = {Dunlap, Alexander and Graham, Cole and Ryzhik, Lenya},
  doi           = {10.1007/s00220-021-04025-x},
  fjournal      = {Communications in Mathematical Physics},
  issn          = {0010-3616,1432-0916},
  journal       = {Comm. Math. Phys.},
  mrclass       = {60H15},
  mrnumber      = {4227165},
  mrreviewer    = {Dirk\ Bl\"omker},
  number        = {2},
  pages         = {875--949},
  title         = {Stationary solutions to the stochastic {B}urgers equation on the line},
  url           = {https://doi.org/10.1007/s00220-021-04025-x},
  volume        = {382},
  year          = {2021}
}
