@article{dunlap.mukherjee:24:additive-multiplicative,
  author        = {Alexander Dunlap and Chiranjib Mukherjee},
  journal       = {Preprint arXiv:2402.02907},
  month         = {February},
  title         = {Additive-multiplicative stochastic heat equations, stationary solutions, and Cauchy statistics},
  url           = {http://arXiv.org/abs/2402.02907},
  year          = {2024}
}
