@article{dunlap.gu.ea:23:fluctuation,
 author = {Dunlap, Alexander and Gu, Yu and Komorowski, Tomasz},
 doi = {10.1002/cpa.22110},
 fjournal = {Communications on Pure and Applied Mathematics},
 issn = {0010-3640,1097-0312},
 journal = {Comm. Pure Appl. Math.},
 mrclass = {60H15 (35K05 60H07)},
 mrnumber = {4642816},
 number = {11},
 pages = {3104--3149},
 title = {Fluctuation exponents of the {KPZ} equation on a large torus},
 url = {https://doi.org/10.1002/cpa.22110},
 volume = {76},
 year = {2023}
}
