@article{dunlap.gu.ea:21:fluctuations,
  author        = {Alexander Dunlap and Yu Gu and Tomasz Komorowski},
  journal       = {Preprint arXiv:2111.03650},
  month         = {November},
  title         = {Fluctuations of the KPZ equation on a large torus},
  url           = {https://www.arxiv.org/abs/2111.03650},
  year          = {2021}
}
