@article{dunlap.mourrat:22:local,
  author        = {Dunlap, Alexander and Mourrat, Jean-Christophe},
  doi           = {10.1137/21M1448732},
  fjournal      = {SIAM Journal on Mathematics of Data Science},
  issn          = {2577-0187},
  journal       = {SIAM J. Math. Data Sci.},
  mrclass       = {49Q20 (68Q32 90C25 90C48)},
  mrnumber      = {4509163},
  mrreviewer    = {Xiang-Kai\ Sun},
  number        = {4},
  pages         = {1250--1271},
  title         = {Local versions of sum-of-norms clustering},
  url           = {https://doi.org/10.1137/21M1448732},
  volume        = {4},
  year          = {2022}
}
