@incollection{dunster:10:legendre,
  author        = {Dunster, T. M.},
  booktitle     = {N{IST} handbook of mathematical functions},
  mrclass       = {33C05},
  mrnumber      = {2655354},
  pages         = {351--381},
  publisher     = {U.S. Dept. Commerce, Washington, DC},
  title         = {Legendre and related functions},
  year          = {2010}
}
