@book{duoandikoetxea:01:fourier,
  author        = {Duoandikoetxea, Javier},
  doi           = {10.1090/gsm/029},
  isbn          = {0-8218-2172-5},
  mrclass       = {42-01},
  mrnumber      = {1800316},
  mrreviewer    = {Loukas Grafakos},
  note          = {Translated and revised from the 1995 Spanish original by David Cruz-Uribe},
  pages         = {xviii+222},
  publisher     = {American Mathematical Society, Providence, RI},
  series        = {Graduate Studies in Mathematics},
  title         = {Fourier analysis},
  url           = {https://doi.org/10.1090/gsm/029},
  volume        = {29},
  year          = {2001}
}
