@article{duplantier:13:b2-m,
  author        = {Duplantier, Bertrand},
  fjournal      = {Gazette des Math\'{e}maticiens},
  issn          = {0224-8999},
  journal       = {Gaz. Math.},
  mrclass       = {60J65 (01A70 28A80 60-03 60G22)},
  mrnumber      = {3099254},
  number        = {136},
  pages         = {61--113},
  title         = {{$\mathbb{B}^2 \mathbb{M}$} \& {$\mathbb{MB}$}: {B}eno\^{i}t {B}. {M}andelbrot et le mouvement brownien},
  year          = {2013}
}
