@article{duplantier:81:linking,
 author = {Duplantier, B.},
 fjournal = {Communications in Mathematical Physics},
 issn = {0010-3616},
 journal = {Comm. Math. Phys.},
 mrclass = {53C65 (57M25 82A51)},
 mrnumber = {638513},
 number = {1},
 pages = {41--68},
 title = {Linking numbers, contacts, and mutual inductances of a
random set of closed curves},
 url = {http://projecteuclid.org/euclid.cmp/1103920454},
 volume = {82},
 year = {1981/82}
}
