@article{duplantier.guttmann:19:new,
  author        = {Duplantier, Bertrand and Guttmann, Anthony J.},
  doi           = {10.1088/1742-5468/ab4584},
  fjournal      = {Journal of Statistical Mechanics: Theory and Experiment},
  journal       = {J. Stat. Mech. Theory Exp.},
  mrclass       = {82B41 (82D60)},
  mrnumber      = {4031611},
  number        = {10},
  pages         = {104010, 13},
  title         = {New scaling laws for self-avoiding walks: bridges and worms},
  url           = {https://doi.org/10.1088/1742-5468/ab4584},
  year          = {2019}
}
