@incollection{duplantier:04:conformal,
 author = {Duplantier, Bertrand},
 booktitle = {Fractal geometry and applications: a jubilee of {B}eno\^{i}t {M}andelbrot, {P}art 2},
 mrclass = {82B41 (05C80 31C20 60D05 60J45 60J65 60K35 83C45)},
 mrnumber = {2112128},
 pages = {365--482},
 publisher = {Amer. Math. Soc., Providence, RI},
 series = {Proc. Sympos. Pure Math.},
 title = {Conformal fractal geometry \& boundary quantum gravity},
 volume = {72},
 year = {2004}
}
