@article{duplantier.miller.ea:21:liouville,
 author = {Duplantier, Bertrand and Miller, Jason and Sheffield,
Scott},
 doi = {10.24033/ast},
 fjournal = {Ast\'{e}risque},
 isbn = {978-2-85629-941-8},
 issn = {0303-1179},
 journal = {Ast\'{e}risque},
 mrclass = {60-02 (60D05 60J67 82B20 82B41 83C45)},
 mrnumber = {4340069},
 number = {427},
 pages = {viii+257},
 title = {Liouville quantum gravity as a mating of trees},
 url = {https://doi.org/10.24033/ast},
 year = {2021}
}
