@incollection{duplantier.rhodes.ea:17:log-correlated,
 author = {Duplantier, Bertrand and Rhodes, R\'{e}mi and Sheffield,
Scott and Vargas, Vincent},
 booktitle = {Geometry, analysis and probability},
 mrclass = {60D05 (60G22)},
 mrnumber = {3821928},
 pages = {191--216},
 publisher = {Birkh\"{a}user/Springer, Cham},
 series = {Progr. Math.},
 title = {Log-correlated {G}aussian fields: an overview},
 volume = {310},
 year = {2017}
}
