@incollection{duplantier:06:conformal,
  author        = {Duplantier, Bertrand},
  booktitle     = {Mathematical statistical physics},
  doi           = {10.1016/S0924-8099(06)80040-5},
  mrclass       = {82B27 (60J67 60K35 81T40 82-02 83C27)},
  mrnumber      = {2581884},
  mrreviewer    = {Roland M. Friedrich},
  pages         = {101--217},
  publisher     = {Elsevier B. V., Amsterdam},
  title         = {Conformal random geometry},
  url           = {https://doi.org/10.1016/S0924-8099(06)80040-5},
  year          = {2006}
}
