@incollection{duplantier:89:statistical,
 author = {Duplantier, Bertrand},
 booktitle = {Statistical mechanics of membranes and surfaces ({J}erusalem, 1987/1988)},
 mrclass = {82B41 (82B28)},
 mrnumber = {1098098},
 pages = {225--261},
 publisher = {World Sci. Publ., Teaneck, NJ},
 series = {Jerusalem Winter School Theoret. Phys.},
 title = {Statistical mechanics of self-avoiding crumpled manifolds},
 volume = {5},
 year = {1989}
}
