@article{duplantier.lawler.ea:93:geometry,
 author = {Duplantier, B. and Lawler, G. F. and Le Gall, J.-F. and Lyons, T. J.},
 fjournal = {Bulletin des Sciences Math\'{e}matiques},
 issn = {0007-4497},
 journal = {Bull. Sci. Math.},
 mrclass = {60J65 (31A20 60G17 60J15 60J50 60K35)},
 mrnumber = {1205413},
 mrreviewer = {Krzysztof Burdzy},
 number = {1},
 pages = {91--106},
 title = {The geometry of the {B}rownian curve},
 volume = {117},
 year = {1993}
}
