@incollection{duplantier:99:random,
 author = {Duplantier, Bertrand},
 doi = {10.1016/S0378-4371(98)00638-4},
 fjournal = {Physica A. Statistical Mechanics and its Applications},
 issn = {0378-4371},
 journal = {Phys. A},
 mrclass = {82B41 (60K35 81T40 82B43)},
 mrnumber = {1723364},
 mrreviewer = {Bergfinnur Durhuus},
 note = {STATPHYS 20 (Paris, 1998)},
 number = {1-4},
 pages = {452--465},
 title = {Random walks, polymers, percolation, and quantum gravity in two dimensions},
 url = {https://doi.org/10.1016/S0378-4371(98)00638-4},
 volume = {263},
 year = {1999}
}
