@book{durrett:10:probability,
 author = {Durrett, Rick},
 doi = {10.1017/CBO9780511779398},
 edition = {Fourth},
 isbn = {978-0-521-76539-8},
 mrclass = {60-01},
 mrnumber = {2722836},
 pages = {x+428},
 publisher = {Cambridge University Press, Cambridge},
 series = {Cambridge Series in Statistical and Probabilistic
Mathematics},
 title = {Probability: theory and examples},
 url = {https://doi.org/10.1017/CBO9780511779398},
 volume = {31},
 year = {2010}
}
