@article{durrett.liggett:81:shape,
 author = {Durrett, Richard and Liggett, Thomas M.},
 fjournal = {The Annals of Probability},
 issn = {0091-1798},
 journal = {Ann. Probab.},
 mrclass = {60K35 (92A15)},
 mrnumber = {606981},
 mrreviewer = {John C. Wierman},
 number = {2},
 pages = {186--193},
 title = {The shape of the limit set in {R}ichardson's growth
model},
 url = {http://links.jstor.org/sici?sici=0091-1798(198104)9:2<186:TSOTLS>2.0.CO;2-H&origin=MSN},
 volume = {9},
 year = {1981}
}
