@book{durrett:19:probability-theory,
 author = {Durrett, Rick},
 doi = {10.1017/9781108591034},
 isbn = {978-1-108-47368-2},
 mrclass = {60-01 (37A30)},
 mrnumber = {3930614},
 note = {Fifth edition of [ MR1068527]},
 pages = {xii+419},
 publisher = {Cambridge University Press, Cambridge},
 series = {Cambridge Series in Statistical and Probabilistic
Mathematics},
 title = {Probability---theory and examples},
 url = {https://doi.org/10.1017/9781108591034},
 volume = {49},
 year = {2019}
}
