@book{durrett:96:probability,
 author = {Durrett, Richard},
 edition = {Second},
 isbn = {0-534-24318-5},
 mrclass = {60-01},
 mrnumber = {1609153},
 pages = {xiii+503},
 publisher = {Duxbury Press, Belmont, CA},
 title = {Probability: theory and examples},
 year = {1996}
}
