@book{durrett:19:probability,
 author = {Durrett, Rick},
 publisher = {Cambridge University Press},
 title = {Probability: Theory and Examples},
 year = {2019}
}
