@book{durrett.liggett.ea:12:interacting,
 author = {Durrett, Rick and Liggett, Thomas M. and Spitzer, Frank and Sznitman, Alain-Sol},
 isbn = {978-3-642-25297-6},
 mrclass = {60-06 (60K35)},
 mrnumber = {3075635},
 pages = {viii+331},
 publisher = {Springer, Heidelberg},
 series = {Probability at Saint-Flour},
 title = {Interacting particle systems at {S}aint-{F}lour},
 year = {2012}
}
