@article{dynkin.mandelbaum:83:symmetric,
 author = {Dynkin, E. B. and Mandelbaum, A.},
 doi = {10.1214/aos/1176346241},
 fjournal = {The Annals of Statistics},
 issn = {0090-5364},
 journal = {Ann. Statist.},
 mrclass = {60F05 (62E10)},
 mrnumber = {707925},
 mrreviewer = {Richard A. Vitale},
 number = {3},
 pages = {739--745},
 title = {Symmetric statistics, {P}oisson point processes, and
multiple {W}iener integrals},
 url = {https://doi.org/10.1214/aos/1176346241},
 volume = {11},
 year = {1983}
}
