@article{dynkin:84:polynomials,
 author = {Dynkin, E. B.},
 doi = {10.1016/0022-1236(84)90031-4},
 fjournal = {Journal of Functional Analysis},
 issn = {0022-1236},
 journal = {J. Funct. Anal.},
 mrclass = {60G20 (60G60 81E08)},
 mrnumber = {756768},
 mrreviewer = {Gerhard C. Hegerfeldt},
 number = {1},
 pages = {20--52},
 title = {Polynomials of the occupation field and related random
fields},
 url = {https://doi.org/10.1016/0022-1236(84)90031-4},
 volume = {58},
 year = {1984}
}
