@book{dynkin:63:markovskie-protsessy,
 author = {Dynkin, E. B.},
 mrclass = {60.60 (60.62)},
 mrnumber = {0193670},
 mrreviewer = {D. A. Darling},
 pages = {859},
 publisher = {Gosudarstv. Izdat. Fiz.-Mat. Lit., Moscow},
 title = {{\cyr Markovskie protsessy}},
 year = {1963}
}
