@incollection{dyson:11:foreword,
 author = {Dyson, Freeman},
 booktitle = {The {O}xford handbook of random matrix theory},
 mrclass = {60-03 (01A60)},
 mrnumber = {2932620},
 pages = {vii--ix},
 publisher = {Oxford Univ. Press, Oxford},
 title = {Foreword},
 year = {2011}
}
