@incollection{e.mattingly.ea:01:gibbsian,
  author        = {E, Weinan and Mattingly, J. C. and Sinai, Ya.},
  doi           = {10.1007/s002201224083},
  fjournal      = {Communications in Mathematical Physics},
  issn          = {0010-3616,1432-0916},
  journal       = {Comm. Math. Phys.},
  mrclass       = {76D05 (35Q30 37L40 37N10 60H15)},
  mrnumber      = {1868992},
  mrreviewer    = {Bohdan\ Maslowski},
  note          = {Dedicated to Joel L. Lebowitz},
  number        = {1},
  pages         = {83--106},
  title         = {Gibbsian dynamics and ergodicity for the stochastically forced {N}avier-{S}tokes equation},
  url           = {https://doi.org/10.1007/s002201224083},
  volume        = {224},
  year          = {2001}
}
