@article{e:94:dynamics,
  author        = {E, Weinan},
  doi           = {10.1016/0167-2789(94)90298-4},
  fjournal      = {Physica D. Nonlinear Phenomena},
  issn          = {0167-2789},
  journal       = {Phys. D},
  mrclass       = {82D55 (35Q55)},
  mrnumber      = {1297726},
  number        = {4},
  pages         = {383--404},
  title         = {Dynamics of vortices in {G}inzburg-{L}andau theories with applications to superconductivity},
  url           = {https://doi.org/10.1016/0167-2789(94)90298-4},
  volume        = {77},
  year          = {1994}
}
