@article{edelman.sutton:07:from,
 author = {Edelman, Alan and Sutton, Brian D.},
 doi = {10.1007/s10955-006-9226-4},
 fjournal = {Journal of Statistical Physics},
 issn = {0022-4715},
 journal = {J. Stat. Phys.},
 mrclass = {82B41 (15A52 34F05 34L99 47B36 47B80 47N50 60H99)},
 mrnumber = {2331033},
 number = {6},
 pages = {1121--1165},
 title = {From random matrices to stochastic operators},
 url = {https://doi.org/10.1007/s10955-006-9226-4},
 volume = {127},
 year = {2007}
}
