@article{edelman:88:eigenvalues,
  author        = {Edelman, Alan},
  doi           = {10.1137/0609045},
  fjournal      = {SIAM Journal on Matrix Analysis and Applications},
  issn          = {0895-4798},
  journal       = {SIAM J. Matrix Anal. Appl.},
  mrclass       = {15A52 (62H10)},
  mrnumber      = {964668},
  mrreviewer    = {D. S. Tracy},
  number        = {4},
  pages         = {543--560},
  title         = {Eigenvalues and condition numbers of random matrices},
  url           = {https://doi.org/10.1137/0609045},
  volume        = {9},
  year          = {1988}
}
