@inproceedings{eden:61:two-dimensional,
 author = {Eden, Murray},
 booktitle = {Proc. 4th {B}erkeley {S}ympos. {M}ath. {S}tatist. and
{P}rob., {V}ol. {IV}},
 mrclass = {92.10 (92.30)},
 mrnumber = {136460},
 mrreviewer = {H. L. Frisch},
 pages = {223--239},
 publisher = {Univ. California Press, Berkeley-Los Angeles, Calif.},
 title = {A two-dimensional growth process},
 year = {1961}
}
