@article{edwards:65:statistical,
 author = {Edwards, S. F.},
 journal = {Proc. Phys. Soc.},
 mrclass = {82.60},
 mrnumber = {0183442},
 mrreviewer = {C. Domb},
 pages = {613--624},
 title = {The statistical mechanics of polymers with excluded volume},
 volume = {85},
 year = {1965}
}
