@article{ehrhardt.rider:13:perturbed,
 author = {Ehrhardt, Torsten and Rider, Brian},
 doi = {10.1214/12-AIHP501},
 fjournal = {Annales de l'Institut Henri Poincar\'{e} Probabilit\'{e}s
et Statistiques},
 issn = {0246-0203},
 journal = {Ann. Inst. Henri Poincar\'{e} Probab. Stat.},
 mrclass = {60B20 (47B35 60F05)},
 mrnumber = {3127908},
 number = {4},
 pages = {934--960},
 title = {Perturbed {T}oeplitz operators and radial determinantal
processes},
 url = {https://doi.org/10.1214/12-AIHP501},
 volume = {49},
 year = {2013}
}
