@book{eidelman.zhitarashu:98:parabolic,
 author = {Eidelman, Samuil D. and Zhitarashu, Nicolae V.},
 doi = {10.1007/978-3-0348-8767-0},
 isbn = {3-7643-2972-6},
 mrclass = {35K20 (35-02)},
 mrnumber = {1632789},
 mrreviewer = {P. Szeptycki},
 note = {Translated from the Russian original by Gennady Pasechnik
and Andrei Iacob},
 pages = {xii+298},
 publisher = {Birkh\"{a}user Verlag, Basel},
 series = {Operator Theory: Advances and Applications},
 title = {Parabolic boundary value problems},
 url = {https://doi.org/10.1007/978-3-0348-8767-0},
 volume = {101},
 year = {1998}
}
