@article{eisele:83:on,
 author = {Eisele, Theodor},
 fjournal = {Communications in Mathematical Physics},
 issn = {0010-3616},
 journal = {Comm. Math. Phys.},
 mrclass = {82A25 (82A42)},
 mrnumber = {714615},
 mrreviewer = {B. Derrida},
 number = {1},
 pages = {125--159},
 title = {On a third-order phase transition},
 url = {http://projecteuclid.org/euclid.cmp/1103940230},
 volume = {90},
 year = {1983}
}
