@article{ekhaus.seppalainen:96:stochastic,
 author = {Ekhaus, Michael and Sepp\"{a}l\"{a}inen, Timo},
 fjournal = {Academi\ae Scientiarum Fennic\ae . Annales. Mathematica},
 issn = {0066-1953},
 journal = {Ann. Acad. Sci. Fenn. Math.},
 mrclass = {60K35 (76S05 82C22)},
 mrnumber = {1404089},
 mrreviewer = {Pablo A. Ferrari},
 number = {2},
 pages = {309--352},
 title = {Stochastic dynamics macroscopically governed by the porous
medium equation for isothermal flow},
 volume = {21},
 year = {1996}
}
