@article{elad-altman.zambotti:20:bessel,
  author        = {Elad Altman, Henri and Zambotti, Lorenzo},
  doi           = {10.1007/s00440-019-00926-0},
  fjournal      = {Probability Theory and Related Fields},
  issn          = {0178-8051,1432-2064},
  journal       = {Probab. Theory Related Fields},
  mrclass       = {60H15 (60J46 60J55)},
  mrnumber      = {4087483},
  number        = {3-4},
  pages         = {757--807},
  title         = {Bessel {SPDE}s and renormalised local times},
  url           = {https://doi.org/10.1007/s00440-019-00926-0},
  volume        = {176},
  year          = {2020}
}
