@proceedings{ellwood.newman.ea:12:probability,
 author = {Ellwood, David and Newman, Charles and Sidoravicius,
Vladas and Werner, Wendelin},
 booktitle = {Proceedings of the {C}lay {M}athematics {I}nstitute
{S}ummer {S}chool and {XIV} {B}razilian {S}chool of
{P}robability held in {B}\'{u}zios, {J}uly 11--{A}ugust 7,
2010},
 isbn = {978-0-8218-6863-8},
 mrclass = {60-06 (60J67 60K35 82-06)},
 mrnumber = {3059543},
 pages = {x+467},
 publisher = {American Mathematical Society, Providence, RI; Clay
Mathematics Institute, Cambridge, MA},
 series = {Clay Mathematics Proceedings},
 title = {Probability and statistical physics in two and more
dimensions},
 volume = {15},
 year = {2012}
}
