@incollection{emery:79:topologie,
  author        = {Emery, M.},
  booktitle     = {S\'{e}minaire de {P}robabilit\'{e}s, {XIII} ({U}niv. {S}trasbourg, {S}trasbourg, 1977/78)},
  mrclass       = {60G44 (60H20)},
  mrnumber      = {544800},
  mrreviewer    = {Philip Protter},
  pages         = {260--280},
  publisher     = {Springer, Berlin},
  series        = {Lecture Notes in Math.},
  title         = {Une topologie sur l'espace des semimartingales},
  volume        = {721},
  year          = {1979}
}
