@incollection{engelbert.schmidt:81:on,
 author = {Engelbert, H. J. and Schmidt, W.},
 booktitle = {Stochastic differential systems ({V}isegr\'{a}d, 1980)},
 mrclass = {60J65 (60H10)},
 mrnumber = {653645},
 mrreviewer = {Constantin Tudor},
 pages = {47--55},
 publisher = {Springer, Berlin-New York},
 series = {Lecture Notes in Control and Information Sci.},
 title = {On the behaviour of certain functionals of the {W}iener process and applications to stochastic differential equations},
 volume = {36},
 year = {1981}
}
