@article{engy.mly.ea:94:roughness,
 author = {Eng\o{}y, Thor and M\aa{}l\o{}y, Knut J\o{}rgen and
Hansen, Alex and Roux, St\'ephane},
 doi = {10.1103/PhysRevLett.73.834},
 issue = {6},
 journal = {Phys. Rev. Lett.},
 month = {Aug},
 numpages = {0},
 pages = {834--837},
 publisher = {American Physical Society},
 title = {Roughness of Two-Dimensional Cracks in Wood},
 url = {https://link.aps.org/doi/10.1103/PhysRevLett.73.834},
 volume = {73},
 year = {1994}
}
