@book{erdelyi:56:asymptotic,
 author = {Erd\'{e}lyi, A.},
 mrclass = {42.1X},
 mrnumber = {0078494},
 mrreviewer = {N. D. Kazarinoff},
 pages = {vi+108},
 publisher = {Dover Publications, Inc., New York},
 title = {Asymptotic expansions},
 year = {1956}
}
