@book{erdelyi.magnus.ea:81:higher*2,
 author = {Erd\'{e}lyi, Arthur and Magnus, Wilhelm and Oberhettinger, Fritz and Tricomi, Francesco G.},
 isbn = {0-89874-069-X},
 mrclass = {33-02 (01A75)},
 mrnumber = {698781},
 note = {Based on notes left by Harry Bateman, Reprint of the 1955 original},
 pages = {xvii+292},
 publisher = {Robert E. Krieger Publishing Co., Inc., Melbourne, Fla.},
 title = {Higher transcendental functions. {V}ol. {III}},
 year = {1981}
}
