@article{erdos.renyi:60:on,
  author        = {Erd{\"o}s, Paul and R{\'e}nyi, A},
  journal       = {Publ. Math. Inst. Hungar. Acad. Sci},
  pages         = {17--61},
  title         = {On the evolution of random graphs},
  volume        = {5},
  year          = {1960}
}
