@article{es-sebaiy.tudor:07:multidimensional,
  author        = {Es-Sebaiy, Khalifa and Tudor, Ciprian A.},
  doi           = {10.1142/S0219493707002050},
  fjournal      = {Stochastics and Dynamics},
  issn          = {0219-4937,1793-6799},
  journal       = {Stoch. Dyn.},
  mrclass       = {60H07 (60G12 60G15 60H05)},
  mrnumber      = {2351043},
  mrreviewer    = {Ivan\ Nourdin},
  number        = {3},
  pages         = {365--388},
  title         = {Multidimensional bifractional {B}rownian motion: {I}t\^o{} and {T}anaka formulas},
  url           = {https://doi.org/10.1142/S0219493707002050},
  volume        = {7},
  year          = {2007}
}
