@article{escobedo.herrero:91:boundedness,
 author = {Escobedo, M. and Herrero, M. A.},
 doi = {10.1016/0022-0396(91)90118-S},
 fjournal = {Journal of Differential Equations},
 issn = {0022-0396},
 journal = {J. Differential Equations},
 mrclass = {35B35 (35K57)},
 mrnumber = {1088342},
 number = {1},
 pages = {176--202},
 title = {Boundedness and blow up for a semilinear reaction-diffusion system},
 url = {https://doi.org/10.1016/0022-0396(91)90118-S},
 volume = {89},
 year = {1991}
}
