@article{escudero:06:fractional,
  author        = {Escudero, Carlos},
  doi           = {10.1088/0951-7715/19/12/010},
  fjournal      = {Nonlinearity},
  issn          = {0951-7715},
  journal       = {Nonlinearity},
  mrclass       = {35K45 (35K55 92C15 92C17)},
  mrnumber      = {2273765},
  number        = {12},
  pages         = {2909--2918},
  title         = {The fractional {K}eller-{S}egel model},
  url           = {https://doi.org/10.1088/0951-7715/19/12/010},
  volume        = {19},
  year          = {2006}
}
