@article{espejo.winkler:18:global,
  author        = {Espejo, Elio and Winkler, Michael},
  doi           = {10.1088/1361-6544/aa9d5f},
  fjournal      = {Nonlinearity},
  issn          = {0951-7715},
  journal       = {Nonlinearity},
  mrclass       = {76D03 (35B35 35B40 35Q30 76D05 92C17)},
  mrnumber      = {3816632},
  mrreviewer    = {Mohammed Guedda},
  number        = {4},
  pages         = {1227--1259},
  title         = {Global classical solvability and stabilization in a two-dimensional chemotaxis-{N}avier-{S}tokes system modeling coral fertilization},
  url           = {https://doi.org/10.1088/1361-6544/aa9d5f},
  volume        = {31},
  year          = {2018}
}
