@article{etheridge.labbe:15:scaling,
 author = {Etheridge, Alison M. and Labb\'{e}, Cyril},
 doi = {10.1007/s00220-014-2243-2},
 fjournal = {Communications in Mathematical Physics},
 issn = {0010-3616},
 journal = {Comm. Math. Phys.},
 mrclass = {82C26 (60H15 60J10)},
 mrnumber = {3322375},
 number = {1},
 pages = {287--336},
 title = {Scaling limits of weakly asymmetric interfaces},
 url = {https://doi.org/10.1007/s00220-014-2243-2},
 volume = {336},
 year = {2015}
}
