@book{evans.gariepy:15:measure,
  author        = {Evans, Lawrence C. and Gariepy, Ronald F.},
  edition       = {Revised},
  isbn          = {978-1-4822-4238-6},
  mrclass       = {28-01},
  mrnumber      = {3409135},
  pages         = {xiv+299},
  publisher     = {CRC Press, Boca Raton, FL},
  series        = {Textbooks in Mathematics},
  title         = {Measure theory and fine properties of functions},
  year          = {2015}
}
