@inproceedings{eyerich.keller.ea:10:high-quality,
 author = {Eyerich, Patrick and Keller, Thomas and Helmert, Malte},
 booktitle = {Twenty-Fourth AAAI Conference on Artificial Intelligence},
 title = {High-quality policies for the {Canadian} traveler's
problem},
 year = {2010}
}
