@book{family.landau:84:kinetics,
  author        = {Family, F. and Landau, D. P. (Eds.)},
  isbn          = {9780444596581},
  publisher     = {North-Holland},
  title         = {Kinetics of aggregation and gelation},
  year          = {1984}
}
