@article{family.vicsek:85:scaling,
 author = {Family, Fereydoon and Vicsek, Tam{\'a}s},
 doi = {10.1088/0305-4470/18/2/005},
 journal = {Journal of Physics A: Mathematical and General},
 month = {feb},
 number = {2},
 pages = {L75},
 title = {Scaling of the active zone in the Eden process on
percolation networks and the ballistic deposition model},
 url = {https://dx.doi.org/10.1088/0305-4470/18/2/005},
 volume = {18},
 year = {1985}
}
