@article{fang.zhou.ea:00:entropy,
  author        = {Fang, Mao-Fa and Zhou, Peng and Swain, S.},
  doi           = {10.1080/095003400147656},
  fjournal      = {Journal of Modern Optics},
  issn          = {0950-0340},
  journal       = {J. Modern Opt.},
  mrclass       = {81V80},
  mrnumber      = {1759131},
  number        = {6},
  pages         = {1043--1053},
  title         = {Entropy squeezing for a two-level atom},
  url           = {https://doi.org/10.1080/095003400147656},
  volume        = {47},
  year          = {2000}
}
