@article{fang.zeitouni:10:consistent,
  author        = {Fang, Ming and Zeitouni, Ofer},
  doi           = {10.1214/ECP.v15-1533},
  fjournal      = {Electronic Communications in Probability},
  issn          = {1083-589X},
  journal       = {Electron. Commun. Probab.},
  mrclass       = {60G50 (60J80)},
  mrnumber      = {2606508},
  mrreviewer    = {Sebastian\ M\"{u}ller},
  pages         = {106--118},
  title         = {Consistent minimal displacement of branching random walks},
  url           = {https://doi.org/10.1214/ECP.v15-1533},
  volume        = {15},
  year          = {2010}
}
