@article{fang.zeitouni:12:slowdown,
  author        = {Fang, Ming and Zeitouni, Ofer},
  doi           = {10.1007/s10955-012-0581-z},
  fjournal      = {Journal of Statistical Physics},
  issn          = {0022-4715,1572-9613},
  journal       = {J. Stat. Phys.},
  mrclass       = {60J65 (60F10 60J80)},
  mrnumber      = {2981635},
  mrreviewer    = {Xiaowen\ Zhou},
  number        = {1},
  pages         = {1--9},
  title         = {Slowdown for time inhomogeneous branching {B}rownian motion},
  url           = {https://doi.org/10.1007/s10955-012-0581-z},
  volume        = {149},
  year          = {2012}
}
