@article{fannjiang.komorowski.ea:02:lagrangian,
 author = {Fannjiang, Albert and Komorowski, Tomasz and Peszat, Szymon},
 doi = {10.1016/S0304-4149(01)00129-6},
 fjournal = {Stochastic Processes and their Applications},
 issn = {0304-4149,1879-209X},
 journal = {Stochastic Process. Appl.},
 mrclass = {60H10 (60G60 60H15 76F25 76M35)},
 mrnumber = {1875332},
 mrreviewer = {Dominique\ L\'{e}pingle},
 number = {2},
 pages = {171--198},
 title = {Lagrangian dynamics for a passive tracer in a class of {G}aussian {M}arkovian flows},
 url = {https://doi.org/10.1016/S0304-4149(01)00129-6},
 volume = {97},
 year = {2002}
}
