@article{farre.nualart:93:nonlinear,
 author = {Farr\'{e}, M. and Nualart, D.},
 doi = {10.1016/0304-4149(93)90004-N},
 fjournal = {Stochastic Processes and their Applications},
 issn = {0304-4149},
 journal = {Stochastic Process. Appl.},
 mrclass = {60H15 (45H05)},
 mrnumber = {1226409},
 mrreviewer = {Nicholas Frangos},
 number = {2},
 pages = {219--239},
 title = {Nonlinear stochastic integral equations in the plane},
 url = {https://doi.org/10.1016/0304-4149(93)90004-N},
 volume = {46},
 year = {1993}
}
