@incollection{fasen.kluppelberg:07:extremes,
  author        = {Fasen, Vicky and Kl\"{u}ppelberg, Claudia},
  booktitle     = {Stochastic analysis and applications},
  doi           = {10.1007/978-3-540-70847-6\_14},
  mrclass       = {60G70 (60G10 91B70 91B84)},
  mrnumber      = {2397794},
  mrreviewer    = {Christian-Oliver Ewald},
  pages         = {339--359},
  publisher     = {Springer, Berlin},
  series        = {Abel Symp.},
  title         = {Extremes of sup{OU} processes},
  url           = {https://doi.org/10.1007/978-3-540-70847-6\_14},
  volume        = {2},
  year          = {2007}
}
