@book{federer:69:geometric,
  author        = {Federer, Herbert},
  mrclass       = {28.80 (26.00)},
  mrnumber      = {0257325},
  mrreviewer    = {J. E. Brothers},
  pages         = {xiv+676},
  publisher     = {Springer-Verlag New York, Inc., New York},
  series        = {Die Grundlehren der mathematischen Wissenschaften, Band 153},
  title         = {Geometric measure theory},
  year          = {1969}
}
