@article{federico.goldys.ea:10:hjb,
 author = {Federico, Salvatore and Goldys, Ben and Gozzi, Fausto},
 doi = {10.1137/09076742X},
 fjournal = {SIAM Journal on Control and Optimization},
 issn = {0363-0129,1095-7138},
 journal = {SIAM J. Control Optim.},
 mrclass = {49L20 (34K35 35F21 49L25 93B52)},
 mrnumber = {2735510},
 mrreviewer = {Marino\ Belloni},
 number = {8},
 pages = {4910--4937},
 title = {H{JB} equations for the optimal control of differential
equations with delays and state constraints, {I}:
regularity of viscosity solutions},
 url = {https://doi.org/10.1137/09076742X},
 volume = {48},
 year = {2010}
}
