@article{fedrizzi.flandoli.ea:17:regularity,
 author = {Fedrizzi, Ennio and Flandoli, Franco and Priola, Enrico
and Vovelle, Julien},
 doi = {10.1214/17-EJP65},
 fjournal = {Electronic Journal of Probability},
 issn = {1083-6489},
 journal = {Electron. J. Probab.},
 mrclass = {60H15 (35R60 60H10 60H30)},
 mrnumber = {3661662},
 mrreviewer = {Carles\ Rovira},
 pages = {Paper No. 48, 42},
 title = {Regularity of stochastic kinetic equations},
 url = {https://doi.org/10.1214/17-EJP65},
 volume = {22},
 year = {2017}
}
