@article{fefferman.soria:86:space,
 author = {Fefferman, Robert and Soria, Fernando},
 doi = {10.4064/sm-85-1-1-16},
 fjournal = {Polska Akademia Nauk. Instytut Matematyczny. Studia Mathematica},
 issn = {0039-3223},
 journal = {Studia Math.},
 mrclass = {42B30 (46E10)},
 mrnumber = {879411},
 mrreviewer = {Burglind J\"{o}ricke},
 number = {1},
 pages = {1--16 (1987)},
 title = {The space {${\rm Weak}\, H^1$}},
 url = {https://doi.org/10.4064/sm-85-1-1-16},
 volume = {85},
 year = {1986}
}
