@article{feldman.magnen.ea:87:construction,
 author = {Feldman, J. and Magnen, J. and Rivasseau, V. and
S\'{e}n\'{e}or, R.},
 fjournal = {Communications in Mathematical Physics},
 issn = {0010-3616},
 journal = {Comm. Math. Phys.},
 mrclass = {81E08 (81E15)},
 mrnumber = {882810},
 mrreviewer = {Claus Montonen},
 number = {3},
 pages = {437--480},
 title = {Construction and {B}orel summability of infrared
{$\Phi^4_4$} by a phase space expansion},
 url = {http://projecteuclid.org/euclid.cmp/1104116964},
 volume = {109},
 year = {1987}
}
