@book{feller:71:introduction,
 author = {Feller, William},
 edition = {Second},
 mrclass = {60.00},
 mrnumber = {270403},
 pages = {xxiv+669},
 publisher = {John Wiley \& Sons, Inc., New York-London-Sydney},
 title = {An introduction to probability theory and its applications. {V}ol. {II}},
 year = {1971}
}
