@book{feller:68:introduction,
  author        = {Feller, William},
  edition       = {Third},
  mrclass       = {60.00},
  mrnumber      = {0228020},
  mrreviewer    = {J. G. Wendel},
  pages         = {xviii+509},
  publisher     = {John Wiley \& Sons, Inc., New York-London-Sydney},
  title         = {An introduction to probability theory and its applications. {V}ol. {I}},
  year          = {1968}
}
