@article{fellner.sonner.ea:19:stabilisation,
 author = {Fellner, Klemens and Sonner, Stefanie and Tang, Bao Quoc
and Thuan, Do Duc},
 doi = {10.3934/dcdsb.2019050},
 fjournal = {Discrete and Continuous Dynamical Systems. Series B. A
Journal Bridging Mathematics and Sciences},
 issn = {1531-3492,1553-524X},
 journal = {Discrete Contin. Dyn. Syst. Ser. B},
 mrclass = {35R60 (35K20 35K57 35P15 60H15)},
 mrnumber = {3986268},
 mrreviewer = {Le\ Chen},
 number = {8},
 pages = {4055--4078},
 title = {Stabilisation by noise on the boundary for a
{C}hafee-{I}nfante equation with dynamical boundary
conditions},
 url = {https://doi.org/10.3934/dcdsb.2019050},
 volume = {24},
 year = {2019}
}
