@article{feller:52:on,
 author = {Feller, William},
 fjournal = {Communications du S\'{e}minaire Math\'{e}matique de
l'Universit\'{e} de Lund [Meddelanden fr\aa n Lunds
Universitets Matematiska Seminarium]},
 issn = {0373-5613},
 journal = {Comm. S\'{e}m. Math. Univ. Lund [Medd. Lunds Univ. Mat.
Sem.]},
 mrclass = {36.0X},
 mrnumber = {52018},
 mrreviewer = {K. Yosida},
 number = {Tome Suppl\'{e}mentaire},
 pages = {72--81},
 title = {On a generalization of {M}arcel {R}iesz' potentials and
the semi-groups generated by them},
 volume = {1952},
 year = {1952}
}
