@book{feller:66:introduction,
 author = {Feller, William},
 mrclass = {60.00},
 mrnumber = {0210154},
 mrreviewer = {S. Orey},
 pages = {xviii+636},
 publisher = {John Wiley \& Sons, Inc., New York-London-Sydney},
 title = {An introduction to probability theory and its
applications. {V}ol. {II}},
 year = {1966}
}
