@article{feller:52:parabolic,
  author        = {Feller, William},
  doi           = {10.2307/1969644},
  fjournal      = {Annals of Mathematics. Second Series},
  issn          = {0003-486X},
  journal       = {Ann. of Math. (2)},
  mrclass       = {36.0X},
  mrnumber      = {47886},
  mrreviewer    = {K. Yosida},
  pages         = {468--519},
  title         = {The parabolic differential equations and the associated semi-groups of transformations},
  url           = {https://doi.org/10.2307/1969644},
  volume        = {55},
  year          = {1952}
}
