@incollection{feng.tindel:17:on,
  author        = {Feng, Qi and Tindel, Samy},
  booktitle     = {Stochastic analysis and related topics},
  doi           = {10.1007/978-3-319-59671-6\_6},
  mrclass       = {60H15 (60G22 60H99)},
  mrnumber      = {3737627},
  pages         = {117--138},
  publisher     = {Birkh\"{a}user/Springer, Cham},
  series        = {Progr. Probab.},
  title         = {On a priori estimates for rough {PDE}s},
  url           = {https://doi.org/10.1007/978-3-319-59671-6_6},
  volume        = {72},
  year          = {2017}
}
