@book{feng:16:rescaled,
  author        = {Feng, Zi Sheng},
  isbn          = {978-1339-93868-4},
  mrclass       = {Thesis},
  mrnumber      = {3563962},
  note          = {Thesis (Ph.D.)--University of Toronto (Canada)},
  pages         = {76},
  publisher     = {ProQuest LLC, Ann Arbor, MI},
  title         = {Rescaled {D}irected {R}andom {P}olymer in {R}andom {E}nvironment in {D}imension 1 + 2},
  url           = {http://gateway.proquest.com/openurl?url\_ver=Z39.88-2004\&rft\_val\_fmt=info:ofi/fmt:kev:mtx:dissertation\&res\_dat=xri:pqm\&rft\_dat=xri:pqdiss:10138311},
  year          = {2016}
}
