@article{feng.grigorescu.ea:04:diffusive,
  author        = {Feng, Shui and Grigorescu, Ilie and Quastel, Jeremy},
  doi           = {10.1137/S0036141002409520},
  fjournal      = {SIAM Journal on Mathematical Analysis},
  issn          = {0036-1410},
  journal       = {SIAM J. Math. Anal.},
  mrclass       = {60K35 (60F10 60J75 82C22 82C26)},
  mrnumber      = {2083788},
  mrreviewer    = {Fabio P. Machado},
  number        = {6},
  pages         = {1512--1533},
  title         = {Diffusive scaling limits of mutually interacting particle systems},
  url           = {https://doi.org/10.1137/S0036141002409520},
  volume        = {35},
  year          = {2004}
}
