@incollection{fernique:75:regularite,
 author = {Fernique, X.},
 booktitle = {\'{E}cole d'\'{E}t\'{e} de {P}robabilit\'{e}s de
{S}aint-{F}lour, {IV}-1974},
 mrclass = {60G15},
 mrnumber = {0413238},
 mrreviewer = {Michael Marcus},
 pages = {1--96. Lecture Notes in Math., Vol. 480},
 title = {Regularit\'{e} des trajectoires des fonctions
al\'{e}atoires gaussiennes},
 year = {1975}
}
