@article{fernique:71:regularite,
  author        = {Fernique, Xavier},
  doi           = {10.1007/BF01403310},
  fjournal      = {Inventiones Mathematicae},
  issn          = {0020-9910},
  journal       = {Invent. Math.},
  mrclass       = {60.40},
  mrnumber      = {286166},
  mrreviewer    = {Radu Theodorescu},
  pages         = {304--320},
  title         = {R\'{e}gularit\'{e} de processus gaussiens},
  url           = {https://doi.org/10.1007/BF01403310},
  volume        = {12},
  year          = {1971}
}
