@article{fernandez-baca.seppalainen.ea:04:parametric,
 author = {Fern\'{a}ndez-Baca, David and Sepp\"{a}l\"{a}inen, Timo and Slutzki, Giora},
 doi = {10.1016/S1570-8667(03)00078-9},
 fjournal = {Journal of Discrete Algorithms},
 issn = {1570-8667},
 journal = {J. Discrete Algorithms},
 mrclass = {92D20 (68R15 90C35 92D15)},
 mrnumber = {2168101},
 mrreviewer = {Stephen J. Willson},
 number = {2},
 pages = {271--287},
 title = {Parametric multiple sequence alignment and phylogeny construction},
 url = {https://doi.org/10.1016/S1570-8667(03)00078-9},
 volume = {2},
 year = {2004}
}
