@article{fernandez-bonder.groisman:09:time-space,
 author = {Fern\'{a}ndez Bonder, Julian and Groisman, Pablo},
 doi = {10.1016/j.physd.2008.09.005},
 fjournal = {Physica D. Nonlinear Phenomena},
 issn = {0167-2789},
 journal = {Phys. D},
 mrclass = {35R60 (35K57 60H15)},
 mrnumber = {2516340},
 number = {2},
 pages = {209--215},
 title = {Time-space white noise eliminates global solutions in
reaction-diffusion equations},
 url = {https://doi.org/10.1016/j.physd.2008.09.005},
 volume = {238},
 year = {2009}
}
