@book{fernique:97:fonctions,
 author = {Fernique, Xavier},
 isbn = {2-921120-28-3},
 mrclass = {60G15 (60G17)},
 mrnumber = {1472975},
 mrreviewer = {Evarist Gin\'{e}},
 pages = {iv+217},
 publisher = {Universit\'{e} de Montr\'{e}al, Centre de Recherches
Math\'{e}matiques, Montreal, QC},
 title = {Fonctions al\'{e}atoires gaussiennes, vecteurs
al\'{e}atoires gaussiens},
 year = {1997}
}
