@incollection{ferrari.spohn:11:random,
 author = {Ferrari, P. L. and Spohn, H.},
 booktitle = {The {O}xford handbook of random matrix theory},
 mrclass = {60K35 (60B20)},
 mrnumber = {2932658},
 mrreviewer = {Tomohiro Sasamoto},
 pages = {782--801},
 publisher = {Oxford Univ. Press, Oxford},
 title = {Random growth models},
 year = {2011}
}
