@book{ferry:80:viscoelastic,
 author = {Ferry, John D.},
 edition = {3rd ed},
 isbn = {978-0-471-04894-7},
 pages = {672},
 publisher = {Wiley},
 title = {Viscoelastic properties of polymers},
 year = {1980}
}
