@article{ferrari.spohn:06:scaling,
  author        = {Ferrari, Patrik L. and Spohn, Herbert},
  doi           = {10.1007/s00220-006-1549-0},
  fjournal      = {Communications in Mathematical Physics},
  issn          = {0010-3616},
  journal       = {Comm. Math. Phys.},
  mrclass       = {82C22 (60K35 82B41)},
  mrnumber      = {2217295},
  mrreviewer    = {Ellen Saada},
  number        = {1},
  pages         = {1--44},
  title         = {Scaling limit for the space-time covariance of the stationary totally asymmetric simple exclusion process},
  url           = {https://doi.org/10.1007/s00220-006-1549-0},
  volume        = {265},
  year          = {2006}
}
