@article{ferrari.pimentel:05:competition,
  author        = {Ferrari, Pablo A. and Pimentel, Leandro P. R.},
  doi           = {10.1214/009117905000000080},
  fjournal      = {The Annals of Probability},
  issn          = {0091-1798,2168-894X},
  journal       = {Ann. Probab.},
  mrclass       = {60K35 (82B21 82B24)},
  mrnumber      = {2150188},
  mrreviewer    = {Nicoletta\ Cancrini},
  number        = {4},
  pages         = {1235--1254},
  title         = {Competition interfaces and second class particles},
  url           = {https://doi.org/10.1214/009117905000000080},
  volume        = {33},
  year          = {2005}
}
