@article{feuerverger.mureika:77:empirical,
 author = {Feuerverger, Andrey and Mureika, Roman A.},
 fjournal = {The Annals of Statistics},
 issn = {0090-5364},
 journal = {Ann. Statist.},
 mrclass = {62G10 (62E20)},
 mrnumber = {428584},
 mrreviewer = {Rashid Ahmad},
 number = {1},
 pages = {88--97},
 title = {The empirical characteristic function and its
applications},
 url = {http://links.jstor.org/sici?sici=0090-5364(197701)5:1<88:TECFAI>2.0.CO;2-8&origin=MSN},
 volume = {5},
 year = {1977}
}
