@book{feynman.leighton.ea:63:feynman,
 author = {Feynman, Richard P. and Leighton, Robert B. and Sands,
Matthew},
 mrclass = {69.00 (70.00)},
 mrnumber = {213077},
 mrreviewer = {T. J. M. Boyd},
 pages = {xii+513 pp. (not consecutively paged)},
 publisher = {Addison-Wesley Publishing Co., Inc., Reading,
Mass.-London},
 title = {The {F}eynman lectures on physics. {V}ol. 1: {M}ainly
mechanics, radiation, and heat},
 year = {1963}
}
