@article{feynman:55:slow,
  author        = {Feynman, R. P.},
  doi           = {10.1103/PhysRev.97.660},
  issue         = {3},
  journal       = {Phys. Rev.},
  month         = {Feb},
  numpages      = {0},
  pages         = {660--665},
  publisher     = {American Physical Society},
  title         = {Slow Electrons in a Polar Crystal},
  url           = {https://link.aps.org/doi/10.1103/PhysRev.97.660},
  volume        = {97},
  year          = {1955}
}
