@article{fiedler:73:algebraic,
  author        = {Fiedler, Miroslav},
  journal       = {Czechoslovak Mathematical Journal},
  number        = {2},
  pages         = {298--305},
  publisher     = {Springer},
  title         = {Algebraic connectivity of graphs},
  volume        = {23},
  year          = {1973}
}
