@article{fila.levine.ea:93:stabilization,
 author = {Fila, Marek and Levine, Howard A. and V\'{a}zquez, Juan
L.},
 doi = {10.2307/2159940},
 fjournal = {Proceedings of the American Mathematical Society},
 issn = {0002-9939},
 journal = {Proc. Amer. Math. Soc.},
 mrclass = {35K60 (35B65 35D05)},
 mrnumber = {1174490},
 mrreviewer = {Yisong Yang},
 number = {2},
 pages = {555--559},
 title = {Stabilization of solutions of weakly singular quenching
problems},
 url = {https://doi.org/10.2307/2159940},
 volume = {119},
 year = {1993}
}
