@article{fila.levine:93:quenching,
 author = {Fila, Marek and Levine, Howard A.},
 doi = {10.1016/0362-546X(93)90124-B},
 fjournal = {Nonlinear Analysis. Theory, Methods \& Applications. An International Multidisciplinary Journal},
 issn = {0362-546X},
 journal = {Nonlinear Anal.},
 mrclass = {35B40 (35K55 35K65)},
 mrnumber = {1246508},
 mrreviewer = {Victor A. Galaktionov},
 number = {10},
 pages = {795--802},
 title = {Quenching on the boundary},
 url = {https://doi.org/10.1016/0362-546X(93)90124-B},
 volume = {21},
 year = {1993}
}
