@article{fishkind.priebe.ea:07:disambiguation,
  author        = {Fishkind, Donniell and Priebe, Carey and Giles, Kendall and Smith, Leslie and Aksakalli, Vural},
  doi           = {10.1109/TSMCA.2007.902634},
  journal       = {Systems, Man and Cybernetics, Part A: Systems and Humans, IEEE Transactions on},
  month         = {10},
  pages         = {814--823},
  title         = {Disambiguation Protocols Based on Risk Simulation},
  volume        = {37},
  year          = {2007}
}
