@article{fisher:87:convex-invariant,
  author        = {Fisher, Albert},
  doi           = {10.1016/0001-8708(87)90054-5},
  fjournal      = {Advances in Mathematics},
  issn          = {0001-8708},
  journal       = {Adv. in Math.},
  mrclass       = {60F05 (28D10 43A55)},
  mrnumber      = {877784},
  mrreviewer    = {Michael Keane},
  number        = {3},
  pages         = {213--246},
  title         = {Convex-invariant means and a pathwise central limit theorem},
  url           = {https://doi.org/10.1016/0001-8708(87)90054-5},
  volume        = {63},
  year          = {1987}
}
