@article{fisher:37:wave,
  author        = {Fisher, R. A.},
  doi           = {https://doi.org/10.1111/j.1469-1809.1937.tb02153.x},
  eprint        = {https://onlinelibrary.wiley.com/doi/pdf/10.1111/j.1469-1809.1937.tb02153.x},
  journal       = {Annals of Eugenics},
  number        = {4},
  pages         = {355--369},
  title         = {The wave of advance of advantageous genes},
  url           = {https://onlinelibrary.wiley.com/doi/abs/10.1111/j.1469-1809.1937.tb02153.x},
  volume        = {7},
  year          = {1937}
}
