@incollection{flandoli.romito:07:regularity,
  author        = {Flandoli, Franco and Romito, Marco},
  booktitle     = {Stochastic differential equations: theory and applications},
  doi           = {10.1142/9789812770639\_0010},
  isbn          = {978-981-270-662-1; 981-270-662-3},
  mrclass       = {60H10 (35Q30 35R60 60J35 76D05)},
  mrnumber      = {2393580},
  mrreviewer    = {Marek\ Capi\'{n}ski},
  pages         = {263--280},
  publisher     = {World Sci. Publ., Hackensack, NJ},
  series        = {Interdiscip. Math. Sci.},
  title         = {Regularity of transition semigroups associated to a 3{D} stochastic {N}avier-{S}tokes equation},
  url           = {https://doi.org/10.1142/9789812770639_0010},
  volume        = {2},
  year          = {2007}
}
