@incollection{flandoli.gubinelli.ea:19:introduction,
 author = {Flandoli, Franco and Gubinelli, Massimiliano and Hairer, Martin},
 booktitle = {Singular random dynamics},
 mrclass = {60L30 (60-02 60H17 60L40)},
 mrnumber = {3971357},
 pages = {1--10},
 publisher = {Springer, Cham},
 series = {Lecture Notes in Math.},
 title = {Introduction},
 volume = {2253},
 year = {[2019] \copyright 2019}
}
