@article{flandoli:87:algebraic,
 author = {Flandoli, Franco},
 doi = {10.1137/0325035},
 fjournal = {SIAM Journal on Control and Optimization},
 issn = {0363-0129},
 journal = {SIAM J. Control Optim.},
 mrclass = {49A27 (49A22 93E20)},
 mrnumber = {885189},
 mrreviewer = {V.\ Popescu},
 number = {3},
 pages = {612--636},
 title = {Algebraic {R}iccati equation arising in boundary control problems},
 url = {https://doi.org/10.1137/0325035},
 volume = {25},
 year = {1987}
}
