@article{flandoli:90:dirichlet,
  author        = {Flandoli, Franco},
  doi           = {10.1080/17442509008833620},
  fjournal      = {Stochastics and Stochastics Reports},
  issn          = {1045-1129},
  journal       = {Stochastics Stochastics Rep.},
  mrclass       = {35R60 (35K99 60H15)},
  mrnumber      = {1042066},
  mrreviewer    = {Daniel\ Ocone},
  number        = {3},
  pages         = {331--357},
  title         = {Dirichlet boundary value problem for stochastic parabolic equations: compatibility relations and regularity of solutions},
  url           = {https://doi.org/10.1080/17442509008833620},
  volume        = {29},
  year          = {1990}
}
