@article{flandoli.pappalettera:21:2d,
 author = {Flandoli, Franco and Pappalettera, Umberto},
 doi = {10.1007/s00332-021-09681-w},
 fjournal = {Journal of Nonlinear Science},
 issn = {0938-8974,1432-1467},
 journal = {J. Nonlinear Sci.},
 mrclass = {76B03 (35Q31 76M35)},
 mrnumber = {4215938},
 mrreviewer = {Francesco\ Fanelli},
 number = {1},
 pages = {Paper No. 24, 38},
 title = {2{D} {E}uler equations with {S}tratonovich transport noise
as a large-scale stochastic model reduction},
 url = {https://doi.org/10.1007/s00332-021-09681-w},
 volume = {31},
 year = {2021}
}
