@article{flandoli.romito:02:partial,
 author = {Flandoli, Franco and Romito, Marco},
 doi = {10.1090/S0002-9947-02-02975-6},
 fjournal = {Transactions of the American Mathematical Society},
 issn = {0002-9947,1088-6850},
 journal = {Trans. Amer. Math. Soc.},
 mrclass = {60H15 (35Q30 35R60 76D03 76M35)},
 mrnumber = {1885650},
 mrreviewer = {Marek\ Capi\'{n}ski},
 number = {6},
 pages = {2207--2241},
 title = {Partial regularity for the stochastic {N}avier-{S}tokes
equations},
 url = {https://doi.org/10.1090/S0002-9947-02-02975-6},
 volume = {354},
 year = {2002}
}
