@article{flandoli.gubinelli:05:statistics,
 author = {Flandoli, Franco and Gubinelli, Massimiliano},
 doi = {10.1214/EJP.v10-267},
 fjournal = {Electronic Journal of Probability},
 issn = {1083-6489},
 journal = {Electron. J. Probab.},
 mrclass = {76F55 (60G60 76B47 76M35)},
 mrnumber = {2164032},
 mrreviewer = {Anna\ Amirdjanova},
 pages = {no. 25, 865--900},
 title = {Statistics of a vortex filament model},
 url = {https://doi.org/10.1214/EJP.v10-267},
 volume = {10},
 year = {2005}
}
