@article{flandoli.gess.ea:17:synchronization,
 author = {Flandoli, Franco and Gess, Benjamin and Scheutzow, Michael},
 doi = {10.1214/16-AOP1088},
 fjournal = {The Annals of Probability},
 issn = {0091-1798,2168-894X},
 journal = {Ann. Probab.},
 mrclass = {37B25 (37G35 37H15 60H10)},
 mrnumber = {3630300},
 mrreviewer = {Jos\'{e}\ A.\ Langa},
 number = {2},
 pages = {1325--1350},
 title = {Synchronization by noise for order-preserving random dynamical systems},
 url = {https://doi.org/10.1214/16-AOP1088},
 volume = {45},
 year = {2017}
}
