@article{flandoli.maslowski:95:ergodicity,
  author        = {Flandoli, Franco and Maslowski, Bohdan},
  fjournal      = {Communications in Mathematical Physics},
  issn          = {0010-3616,1432-0916},
  journal       = {Comm. Math. Phys.},
  mrclass       = {35R60 (35Q30 60H15 60H30 76D05)},
  mrnumber      = {1346374},
  mrreviewer    = {Peter\ E.\ Kloeden},
  number        = {1},
  pages         = {119--141},
  title         = {Ergodicity of the {$2$}-{D} {N}avier-{S}tokes equation under random perturbations},
  url           = {http://projecteuclid.org/euclid.cmp/1104273961},
  volume        = {172},
  year          = {1995}
}
