@article{flandoli.zanco:16:infinite-dimensional,
  author        = {Flandoli, Franco and Zanco, Giovanni},
  doi           = {10.1214/15-AOP1031},
  fjournal      = {The Annals of Probability},
  issn          = {0091-1798,2168-894X},
  journal       = {Ann. Probab.},
  mrclass       = {60H10 (35K10 35R60 60H30)},
  mrnumber      = {3531677},
  mrreviewer    = {Dejun\ Luo},
  number        = {4},
  pages         = {2643--2693},
  title         = {An infinite-dimensional approach to path-dependent {K}olmogorov equations},
  url           = {https://doi.org/10.1214/15-AOP1031},
  volume        = {44},
  year          = {2016}
}
