@article{flandoli.russo.ea:04:some,
  author        = {Flandoli, Franco and Russo, Francesco and Wolf, Jochen},
  doi           = {10.1163/156939704323074700},
  fjournal      = {Random Operators and Stochastic Equations},
  issn          = {0926-6364},
  journal       = {Random Oper. Stochastic Equations},
  mrclass       = {60H10 (47D06 60H05)},
  mrnumber      = {2065168},
  mrreviewer    = {Jan I. Seidler},
  number        = {2},
  pages         = {145--184},
  title         = {Some {SDE}s with distributional drift. {II}. {L}yons-{Z}heng structure, {I}t\^{o}'s formula and semimartingale characterization},
  url           = {https://doi.org/10.1163/156939704323074700},
  volume        = {12},
  year          = {2004}
}
