@article{flandoli.tortorelli:95:time,
  author        = {Flandoli, Franco and Tortorelli, Vincenzo M.},
  doi           = {10.1080/17442509508834022},
  fjournal      = {Stochastics and Stochastics Reports},
  issn          = {1045-1129},
  journal       = {Stochastics Stochastics Rep.},
  mrclass       = {35R60 (35Q30 60H15 76M35)},
  mrnumber      = {1382289},
  mrreviewer    = {Ana\ Bela\ Cruzeiro},
  number        = {1-2},
  pages         = {141--165},
  title         = {Time discretization of {O}rnstein-{U}hlenbeck equations and stochastic {N}avier-{S}tokes equations with a generalized noise},
  url           = {https://doi.org/10.1080/17442509508834022},
  volume        = {55},
  year          = {1995}
}
