@article{flandoli:84:riccati,
  author        = {Flandoli, Franco},
  doi           = {10.1137/0322006},
  fjournal      = {SIAM Journal on Control and Optimization},
  issn          = {0363-0129},
  journal       = {SIAM J. Control Optim.},
  mrclass       = {49A27 (34H05)},
  mrnumber      = {728673},
  mrreviewer    = {Mimma\ de Acutis},
  number        = {1},
  pages         = {76--86},
  title         = {Riccati equation arising in a boundary control problem with distributed parameters},
  url           = {https://doi.org/10.1137/0322006},
  volume        = {22},
  year          = {1984}
}
