@article{flandoli.russo:02:generalized*1,
  author        = {Flandoli, Franco and Russo, Francesco},
  doi           = {10.1080/10451120290008548},
  fjournal      = {Stochastics and Stochastics Reports},
  issn          = {1045-1129,1029-0346},
  journal       = {Stoch. Stoch. Rep.},
  mrclass       = {60H05 (60H10)},
  mrnumber      = {1896436},
  mrreviewer    = {Luis\ Rincon},
  number        = {1-2},
  pages         = {11--54},
  title         = {Generalized calculus and {SDE}s with non regular drift},
  url           = {https://doi.org/10.1080/10451120290008548},
  volume        = {72},
  year          = {2002}
}
