@article{flandoli:91:stochastic,
 author = {Flandoli, Franco},
 doi = {10.1016/0893-9659(91)90052-W},
 fjournal = {Applied Mathematics Letters. An International Journal of
Rapid Publication},
 issn = {0893-9659,1873-5452},
 journal = {Appl. Math. Lett.},
 mrclass = {35R60 (35K57)},
 mrnumber = {1117768},
 number = {4},
 pages = {45--48},
 title = {A stochastic reaction-diffusion equation with
multiplicative noise},
 url = {https://doi.org/10.1016/0893-9659(91)90052-W},
 volume = {4},
 year = {1991}
}
