@article{flandoli.luo:20:convergence,
  author        = {Flandoli, Franco and Luo, Dejun},
  doi           = {10.1214/19-AOP1360},
  fjournal      = {The Annals of Probability},
  issn          = {0091-1798},
  journal       = {Ann. Probab.},
  mrclass       = {35R60 (35Q30 35Q31 60H40)},
  mrnumber      = {4079436},
  mrreviewer    = {Dora Sele\v{s}i},
  number        = {1},
  pages         = {264--295},
  title         = {Convergence of transport noise to {O}rnstein-{U}hlenbeck for 2{D} {E}uler equations under the enstrophy measure},
  url           = {https://doi.org/10.1214/19-AOP1360},
  volume        = {48},
  year          = {2020}
}
