@article{flandoli:06:on,
  author        = {Flandoli, F.},
  doi           = {10.1007/s00028-006-0243-1},
  fjournal      = {Journal of Evolution Equations},
  issn          = {1424-3199,1424-3202},
  journal       = {J. Evol. Equ.},
  mrclass       = {35R60 (35Q30 60H15 76D05 76D06 76M35)},
  mrnumber      = {2227697},
  mrreviewer    = {Ana\ Bela\ Cruzeiro},
  number        = {2},
  pages         = {269--286},
  title         = {On the method of {D}a {P}rato and {D}ebussche for the 3{D} stochastic {N}avier {S}tokes equations},
  url           = {https://doi.org/10.1007/s00028-006-0243-1},
  volume        = {6},
  year          = {2006}
}
