@incollection{flandoli:91:l-q-r,
 author = {Flandoli, Franco},
 booktitle = {New trends in systems theory ({G}enoa, 1990)},
 isbn = {0-8176-3548-3},
 mrclass = {93C20},
 mrnumber = {1125117},
 pages = {276--283},
 publisher = {Birkh\"{a}user Boston, Boston, MA},
 series = {Progr. Systems Control Theory},
 title = {L-{Q}-{R} approach to a class of non-well-posed parabolic
systems},
 volume = {7},
 year = {1991}
}
