@incollection{flandoli:96:stochastic*1,
 author = {Flandoli, Franco},
 booktitle = {World {C}ongress of {N}onlinear {A}nalysts '92, {V}ol.
{I}--{IV} ({T}ampa, {FL}, 1992)},
 isbn = {3-11-013215-X},
 mrclass = {34F05 (47H15 60H10)},
 mrnumber = {1389208},
 pages = {1765--1777},
 publisher = {de Gruyter, Berlin},
 title = {Stochastic evolution equations with non-coercive monotone
operators},
 year = {1996}
}
