@article{flandoli:90:counterexample,
 author = {Flandoli, Franco},
 doi = {10.1016/0893-9659(90)90012-Z},
 fjournal = {Applied Mathematics Letters. An International Journal of
Rapid Publication},
 issn = {0893-9659,1873-5452},
 journal = {Appl. Math. Lett.},
 mrclass = {93C20 (35B37 35K40)},
 mrnumber = {1052247},
 number = {2},
 pages = {47--50},
 title = {A counterexample in the boundary control of parabolic
systems},
 url = {https://doi.org/10.1016/0893-9659(90)90012-Z},
 volume = {3},
 year = {1990}
}
