@incollection{flandoli.gubinelli:04:random,
 author = {Flandoli, Franco and Gubinelli, Massimiliano},
 booktitle = {Seminar on {S}tochastic {A}nalysis, {R}andom {F}ields and {A}pplications {IV}},
 isbn = {3-7643-7131-5},
 mrclass = {60H05 (76F55 76M35)},
 mrnumber = {2096285},
 pages = {129--139},
 publisher = {Birkh\"{a}user, Basel},
 series = {Progr. Probab.},
 title = {Random currents and probabilistic models of vortex filaments},
 volume = {58},
 year = {2004}
}
