@article{flandoli:86:riccati,
  author        = {Flandoli, Franco},
  doi           = {10.1080/07362998608809085},
  fjournal      = {Stochastic Analysis and Applications},
  issn          = {0736-2994,1532-9356},
  journal       = {Stochastic Anal. Appl.},
  mrclass       = {93C20 (93E20)},
  mrnumber      = {829650},
  mrreviewer    = {Akira\ Ichikawa},
  number        = {2},
  pages         = {131--150},
  title         = {Riccati equation arising in the boundary control of stochastic hyperbolic systems},
  url           = {https://doi.org/10.1080/07362998608809085},
  volume        = {4},
  year          = {1986}
}
