@inproceedings{flandoli.romito:02:probabilistic,
  author        = {Flandoli, Franco and Romito, Marco},
  booktitle     = {Proceedings of {EQUADIFF}, 10 ({P}rague, 2001)},
  fjournal      = {Academy of Sciences of the Czech Republic. Mathematical Institute. Mathematica Bohemica},
  issn          = {0862-7959,2464-7136},
  journal       = {Math. Bohem.},
  mrclass       = {76D05 (35Q30 60H15 76D06 76M35)},
  mrnumber      = {1981526},
  number        = {2},
  pages         = {211--218},
  title         = {Probabilistic analysis of singularities for the 3{D} {N}avier-{S}tokes equations},
  volume        = {127},
  year          = {2002}
}
