@article{flandoli.russo.ea:03:some,
 author = {Flandoli, Franco and Russo, Francesco and Wolf, Jochen},
 fjournal = {Osaka Journal of Mathematics},
 issn = {0030-6126},
 journal = {Osaka J. Math.},
 mrclass = {60H20 (47D07 47N30 60H10)},
 mrnumber = {1988703},
 mrreviewer = {Anna Milian},
 number = {2},
 pages = {493--542},
 title = {Some {SDE}s with distributional drift. {I}. {G}eneral calculus},
 url = {http://projecteuclid.org/euclid.ojm/1153493096},
 volume = {40},
 year = {2003}
}
