@article{flandoli.leocata.ea:21:navier-stokes-vlasov-fokker-planck,
 author = {Flandoli, Franco and Leocata, Marta and Ricci, Cristiano},
 doi = {10.1007/s00021-021-00570-6},
 fjournal = {Journal of Mathematical Fluid Mechanics},
 issn = {1422-6928,1422-6952},
 journal = {J. Math. Fluid Mech.},
 mrclass = {76D05 (35Q35 76T20)},
 mrnumber = {4234291},
 number = {2},
 pages = {Paper No. 40, 39},
 title = {The {N}avier-{S}tokes-{V}lasov-{F}okker-{P}lanck system as
a scaling limit of particles in a fluid},
 url = {https://doi.org/10.1007/s00021-021-00570-6},
 volume = {23},
 year = {2021}
}
