@article{flandoli.olivera:18:well-posedness,
 author = {Flandoli, Franco and Olivera, Christian},
 doi = {10.1007/s00028-017-0401-7},
 fjournal = {Journal of Evolution Equations},
 issn = {1424-3199,1424-3202},
 journal = {J. Evol. Equ.},
 mrclass = {60H15 (35B30 35Q35 76D03)},
 mrnumber = {3820404},
 number = {2},
 pages = {277--301},
 title = {Well-posedness of the vector advection equations by
stochastic perturbation},
 url = {https://doi.org/10.1007/s00028-017-0401-7},
 volume = {18},
 year = {2018}
}
