@article{flandoli:09:remarks,
 author = {Flandoli, Franco},
 doi = {10.1007/s00184-008-0210-7},
 fjournal = {Metrika. International Journal for Theoretical and Applied
Statistics},
 issn = {0026-1335,1435-926X},
 journal = {Metrika},
 mrclass = {60H10 (34F05)},
 mrnumber = {2481917},
 mrreviewer = {Ning-Mao\ Xia},
 number = {2-3},
 pages = {101--123},
 title = {Remarks on uniqueness and strong solutions to
deterministic and stochastic differential equations},
 url = {https://doi.org/10.1007/s00184-008-0210-7},
 volume = {69},
 year = {2009}
}
