@incollection{flandoli:16:remarks,
  author        = {Flandoli, Franco},
  booktitle     = {Mathematical paradigms of climate science},
  isbn          = {978-3-319-39091-8; 978-3-319-39092-5},
  mrclass       = {60H15 (35Q30 35R60 76D06)},
  mrnumber      = {3616130},
  pages         = {51--65},
  publisher     = {Springer, [Cham]},
  series        = {Springer INdAM Ser.},
  title         = {Remarks on stochastic {N}avier-{S}tokes equations},
  volume        = {15},
  year          = {2016}
}
