@book{flandoli:95:regularity,
 author = {Flandoli, Franco},
 isbn = {2-88449-045-0},
 mrclass = {60H15 (35B65 35K99 35R60)},
 mrnumber = {1347450},
 mrreviewer = {Marek Capi\'{n}ski},
 pages = {x+79},
 publisher = {Gordon and Breach Science Publishers, Yverdon},
 series = {Stochastics Monographs},
 title = {Regularity theory and stochastic flows for parabolic
{SPDE}s},
 volume = {9},
 year = {1995}
}
