@article{flandoli.mahalov:12:stochastic,
 author = {Flandoli, Franco and Mahalov, Alex},
 doi = {10.1007/s00205-012-0507-6},
 fjournal = {Archive for Rational Mechanics and Analysis},
 issn = {0003-9527,1432-0673},
 journal = {Arch. Ration. Mech. Anal.},
 mrclass = {60H15 (35Q30 35R60 76D06)},
 mrnumber = {2927621},
 mrreviewer = {Benedetta\ Ferrario},
 number = {1},
 pages = {195--237},
 title = {Stochastic three-dimensional rotating {N}avier-{S}tokes
equations: averaging, convergence and regularity},
 url = {https://doi.org/10.1007/s00205-012-0507-6},
 volume = {205},
 year = {2012}
}
