@article{flandoli:89:new,
 author = {Flandoli, Franco},
 doi = {10.1016/0893-9659(89)90083-9},
 fjournal = {Applied Mathematics Letters. An International Journal of Rapid Publication},
 issn = {0893-9659,1873-5452},
 journal = {Appl. Math. Lett.},
 mrclass = {93C20 (45G05 49D40)},
 mrnumber = {1025847},
 number = {4},
 pages = {341--343},
 title = {A new proof of an a priori estimate arising in boundary control theory},
 url = {https://doi.org/10.1016/0893-9659(89)90083-9},
 volume = {2},
 year = {1989}
}
