@inproceedings{fleischer.trippen:05:exploring,
 author = {Rudolf Fleischer and Gerhard Trippen},
 booktitle = {{ESA}},
 pages = {11--22},
 publisher = {Springer},
 series = {Lecture Notes in Computer Science},
 title = {Exploring an Unknown Graph Efficiently},
 volume = {3669},
 year = {2005}
}
