@article{fleischmann.mytnik:03:competing,
  author        = {Fleischmann, Klaus and Mytnik, Leonid},
  doi           = {10.1214/EJP.v8-136},
  fjournal      = {Electronic Journal of Probability},
  issn          = {1083-6489},
  journal       = {Electron. J. Probab.},
  mrclass       = {60K35 (60G57 60J55 60J80)},
  mrnumber      = {1986840},
  mrreviewer    = {Anton Wakolbinger},
  pages         = {no. 8, 59},
  title         = {Competing species superprocesses with infinite variance},
  url           = {https://doi.org/10.1214/EJP.v8-136},
  volume        = {8},
  year          = {2003}
}
