@article{fleischmann.mueller:04:super-brownian,
 author = {Fleischmann, Klaus and Mueller, Carl},
 doi = {10.1137/S0036141002419473},
 fjournal = {SIAM Journal on Mathematical Analysis},
 issn = {0036-1410},
 journal = {SIAM J. Math. Anal.},
 mrclass = {60J80 (60K35)},
 mrnumber = {2111914},
 mrreviewer = {Da-Quan Jiang},
 number = {3},
 pages = {740--772},
 title = {Super-{B}rownian motion with extra birth at one point},
 url = {https://doi.org/10.1137/S0036141002419473},
 volume = {36},
 year = {2004/05}
}
