@book{flory:53:principles,
 author = {Flory, Paul J},
 publisher = {Cornell university press},
 title = {Principles of polymer chemistry},
 year = {1953}
}
