@article{foerster.wattenhofer:16:lower,
 author = {Klaus-Tycho Foerster and Roger Wattenhofer},
 journal = {Theor. Comput. Sci.},
 pages = {15--29},
 title = {Lower and upper competitive bounds for online directed
graph exploration},
 volume = {655},
 year = {2016}
}
