@article{foias.temam:89:gevrey,
  author        = {Foias, C. and Temam, R.},
  doi           = {10.1016/0022-1236(89)90015-3},
  fjournal      = {Journal of Functional Analysis},
  issn          = {0022-1236},
  journal       = {J. Funct. Anal.},
  mrclass       = {35Q30 (35B65 76D05)},
  mrnumber      = {1026858},
  mrreviewer    = {Rodolfo Salvi},
  number        = {2},
  pages         = {359--369},
  title         = {Gevrey class regularity for the solutions of the {N}avier-{S}tokes equations},
  url           = {https://doi.org/10.1016/0022-1236(89)90015-3},
  volume        = {87},
  year          = {1989}
}
