@book{folland:99:real,
 author = {Folland, Gerald B.},
 edition = {Second},
 isbn = {0-471-31716-0},
 mrclass = {00A05 (26-01 28-01 46-01)},
 mrnumber = {1681462},
 note = {Modern techniques and their applications, A
Wiley-Interscience Publication},
 pages = {xvi+386},
 publisher = {John Wiley \& Sons, Inc., New York},
 series = {Pure and Applied Mathematics (New York)},
 title = {Real analysis},
 year = {1999}
}
