@article{foondun.nualart:22:non-existence,
 author = {Foondun, Mohammud and Nualart, Eulalia},
 doi = {10.1016/j.jde.2022.02.038},
 fjournal = {Journal of Differential Equations},
 issn = {0022-0396},
 journal = {J. Differential Equations},
 mrclass = {60H15 (35K57)},
 mrnumber = {4387900},
 pages = {557--578},
 title = {Non-existence results for stochastic wave equations in one
dimension},
 url = {https://doi.org/10.1016/j.jde.2022.02.038},
 volume = {318},
 year = {2022}
}
