@article{foondun.parshad:15:on,
  author        = {Foondun, Mohammud and Parshad, Rana D.},
  doi           = {10.1090/proc/12036},
  fjournal      = {Proceedings of the American Mathematical Society},
  issn          = {0002-9939},
  journal       = {Proc. Amer. Math. Soc.},
  mrclass       = {60H15 (35A01 35B44 35K15 35K91 35R60 82C44)},
  mrnumber      = {3359596},
  mrreviewer    = {Carles Rovira},
  number        = {9},
  pages         = {4085--4094},
  title         = {On non-existence of global solutions to a class of stochastic heat equations},
  url           = {https://doi.org/10.1090/proc/12036},
  volume        = {143},
  year          = {2015}
}
