@article{foondun.khoshnevisan:10:on,
 author = {Foondun, Mohammud and Khoshnevisan, Davar},
 doi = {10.1214/09-AIHP328},
 fjournal = {Annales de l'Institut Henri Poincar\'{e} Probabilit\'{e}s
et Statistiques},
 issn = {0246-0203},
 journal = {Ann. Inst. Henri Poincar\'{e} Probab. Stat.},
 mrclass = {35R60 (35B45 35K05 60H15)},
 mrnumber = {2744876},
 number = {4},
 pages = {895--907},
 title = {On the global maximum of the solution to a stochastic heat
equation with compact-support initial data},
 url = {https://doi.org/10.1214/09-AIHP328},
 volume = {46},
 year = {2010}
}
