@article{foondun.khoshnevisan:13:on,
 author = {Foondun, Mohammud and Khoshnevisan, Davar},
 doi = {10.1090/S0002-9947-2012-05616-9},
 fjournal = {Transactions of the American Mathematical Society},
 issn = {0002-9947},
 journal = {Trans. Amer. Math. Soc.},
 mrclass = {60H15},
 mrnumber = {2984063},
 mrreviewer = {Sergey V. Lototsky},
 number = {1},
 pages = {409--458},
 title = {On the stochastic heat equation with spatially-colored random forcing},
 url = {https://doi.org/10.1090/S0002-9947-2012-05616-9},
 volume = {365},
 year = {2013}
}
