@article{foondun.setayeshgar:17:large,
 author = {Foondun, Mohammud and Setayeshgar, Leila},
 doi = {10.1016/j.spl.2016.10.019},
 fjournal = {Statistics \& Probability Letters},
 issn = {0167-7152},
 journal = {Statist. Probab. Lett.},
 mrclass = {60H15 (37L55 60F10)},
 mrnumber = {3575422},
 mrreviewer = {Kazuo Yamazaki},
 pages = {143--151},
 title = {Large deviations for a class of semilinear stochastic
partial differential equations},
 url = {https://doi.org/10.1016/j.spl.2016.10.019},
 volume = {121},
 year = {2017}
}
