@book{ford.fulkerson:15:flows,
 author = {Ford, Lester Randolph and Fulkerson, Delbert Ray},
 publisher = {Princeton University Press},
 title = {Flows in Networks},
 year = {2015}
}
