@article{forlano.tolomeo:24:on,
  author        = {Forlano, Justin and Tolomeo, Leonardo},
  doi           = {10.1090/tran/8973},
  fjournal      = {Transactions of the American Mathematical Society},
  issn          = {0002-9947},
  journal       = {Trans. Amer. Math. Soc.},
  mrclass       = {35L15 (35R60 37A25 60H15)},
  mrnumber      = {4684595},
  number        = {1},
  pages         = {345--394},
  title         = {On the unique ergodicity for a class of 2 dimensional stochastic wave equations},
  url           = {https://doi.org/10.1090/tran/8973},
  volume        = {377},
  year          = {2024}
}
