@article{forman:03:bochners,
 author = {Forman, Robin},
 journal = {Discrete \& Computational Geometry},
 number = {3},
 pages = {323--374},
 publisher = {Springer},
 title = {Bochner's method for cell complexes and combinatorial
Ricci curvature},
 volume = {29},
 year = {2003}
}
