@article{forrester:13:probability,
 author = {Forrester, Peter J.},
 doi = {10.1142/S2010326313500111},
 fjournal = {Random Matrices. Theory and Applications},
 issn = {2010-3263},
 journal = {Random Matrices Theory Appl.},
 mrclass = {60B20 (15B52)},
 mrnumber = {3149441},
 mrreviewer = {Olivier Marchal},
 number = {4},
 pages = {1350011, 19},
 title = {Probability densities and distributions for spiked and
general variance {W}ishart {$\beta$}-ensembles},
 url = {https://doi.org/10.1142/S2010326313500111},
 volume = {2},
 year = {2013}
}
