@incollection{forrester:11:beta,
  author        = {Forrester, Peter J.},
  booktitle     = {The {O}xford handbook of random matrix theory},
  mrclass       = {60B20 (82B41)},
  mrnumber      = {2932640},
  mrreviewer    = {Nizar Demni},
  pages         = {415--432},
  publisher     = {Oxford Univ. Press, Oxford},
  title         = {Beta ensembles},
  year          = {2011}
}
