@article{forster.nelson.ea:77:large-distance,
 author = {Forster, D. and Nelson, David R. and Stephen, Michael J.},
 doi = {10.1103/PhysRevA.16.732},
 fjournal = {Physical Review. A. Third Series},
 issn = {1050-2947},
 journal = {Phys. Rev. A (3)},
 mrclass = {76.60},
 mrnumber = {459274},
 mrreviewer = {J. W. Thomas},
 number = {2},
 pages = {732--749},
 title = {Large-distance and long-time properties of a randomly stirred fluid},
 url = {https://doi.org/10.1103/PhysRevA.16.732},
 volume = {16},
 year = {1977}
}
