@article{fortuin.kasteleyn.ea:71:correlation,
  author        = {Fortuin, C. M. and Kasteleyn, P. W. and Ginibre, J.},
  fjournal      = {Communications in Mathematical Physics},
  issn          = {0010-3616},
  journal       = {Comm. Math. Phys.},
  mrclass       = {82.62},
  mrnumber      = {309498},
  mrreviewer    = {C. A. Hurst},
  pages         = {89--103},
  title         = {Correlation inequalities on some partially ordered sets},
  url           = {http://projecteuclid.org/euclid.cmp/1103857443},
  volume        = {22},
  year          = {1971}
}
