@article{fox:89:stochastic,
  author        = {Fox, Ronald F.},
  doi           = {10.1103/PhysRevA.39.4148},
  fjournal      = {Physical Review. A. Third Series},
  issn          = {1050-2947},
  journal       = {Phys. Rev. A (3)},
  mrclass       = {81K05 (82A31)},
  mrnumber      = {996601},
  number        = {8},
  pages         = {4148--4153},
  title         = {Stochastic resonance in a double well},
  url           = {https://doi.org/10.1103/PhysRevA.39.4148},
  volume        = {39},
  year          = {1989}
}
