@article{frazier:18:tutorial,
  author        = {Frazier, Peter I},
  journal       = {arXiv preprint arXiv:1807.02811},
  title         = {A tutorial on {B}ayesian optimization},
  year          = {2018}
}
