@article{freitag:18:global,
  author        = {Freitag, Marcel},
  doi           = {10.3934/dcds.2018258},
  fjournal      = {Discrete and Continuous Dynamical Systems. Series A},
  issn          = {1078-0947},
  journal       = {Discrete Contin. Dyn. Syst.},
  mrclass       = {35K51 (35D30 92C17)},
  mrnumber      = {3917794},
  number        = {11},
  pages         = {5943--5961},
  title         = {Global existence and boundedness in a chemorepulsion system with superlinear diffusion},
  url           = {https://doi.org/10.3934/dcds.2018258},
  volume        = {38},
  year          = {2018}
}
