@book{freidlin.wentzell:84:random,
 author = {Freidlin, M. I. and Wentzell, A. D.},
 doi = {10.1007/978-1-4684-0176-9},
 isbn = {0-387-90858-7},
 mrclass = {60H10 (60J60 70L05)},
 mrnumber = {722136},
 note = {Translated from the Russian by Joseph Sz\"{u}cs},
 pages = {viii+326},
 publisher = {Springer-Verlag, New York},
 series = {Grundlehren der mathematischen Wissenschaften [Fundamental
Principles of Mathematical Sciences]},
 title = {Random perturbations of dynamical systems},
 url = {https://doi.org/10.1007/978-1-4684-0176-9},
 volume = {260},
 year = {1984}
}
