@book{friedman:64:partial*1,
 author = {Friedman, Avner},
 mrclass = {35.00 (35.62)},
 mrnumber = {0181836},
 mrreviewer = {B. Frank Jones, Jr.},
 pages = {xiv+347},
 publisher = {Prentice-Hall, Inc., Englewood Cliffs, N.J.},
 title = {Partial differential equations of parabolic type},
 year = {1964}
}
