@article{friedman.mcleod:85:blow-up,
  author        = {Friedman, Avner and McLeod, Bryce},
  doi           = {10.1512/iumj.1985.34.34025},
  fjournal      = {Indiana University Mathematics Journal},
  issn          = {0022-2518},
  journal       = {Indiana Univ. Math. J.},
  mrclass       = {35K55 (35B40)},
  mrnumber      = {783924},
  mrreviewer    = {J. W. Bebernes},
  number        = {2},
  pages         = {425--447},
  title         = {Blow-up of positive solutions of semilinear heat equations},
  url           = {https://doi.org/10.1512/iumj.1985.34.34025},
  volume        = {34},
  year          = {1985}
}
