@article{friedman:58:remarks,
  author        = {Friedman, Avner},
  fjournal      = {Pacific Journal of Mathematics},
  issn          = {0030-8730},
  journal       = {Pacific J. Math.},
  mrclass       = {35.00},
  mrnumber      = {102655},
  mrreviewer    = {D. G. Aronson},
  pages         = {201--211},
  title         = {Remarks on the maximum principle for parabolic equations and its applications},
  url           = {http://projecteuclid.org/euclid.pjm/1103040096},
  volume        = {8},
  year          = {1958}
}
