@book{friedman:69:partial,
  author        = {Friedman, Avner},
  mrclass       = {35-01 (35-02)},
  mrnumber      = {0445088},
  mrreviewer    = {V. Komkov},
  pages         = {vi+262},
  publisher     = {Holt, Rinehart and Winston, Inc., New York-Montreal, Que.-London},
  title         = {Partial differential equations},
  year          = {1969}
}
