@article{friedrich.kalkkinen:04:on,
  author        = {Friedrich, R. and Kalkkinen, J.},
  doi           = {10.1016/j.nuclphysb.2004.03.025},
  fjournal      = {Nuclear Physics. B. Theoretical, Phenomenological, and Experimental High Energy Physics. Quantum Field Theory and Statistical Systems},
  issn          = {0550-3213},
  journal       = {Nuclear Phys. B},
  mrclass       = {81T40 (58J52 58J65 82C24)},
  mrnumber      = {2059141},
  mrreviewer    = {Robert Otto Bauer},
  number        = {3},
  pages         = {279--302},
  title         = {On conformal field theory and stochastic {L}oewner evolution},
  url           = {https://doi.org/10.1016/j.nuclphysb.2004.03.025},
  volume        = {687},
  year          = {2004}
}
