@inproceedings{friedman:65:remarks,
 author = {Friedman, Avner},
 booktitle = {Proc. {S}ympos. {A}ppl. {M}ath., {V}ol. {XVII}},
 mrclass = {35.63},
 mrnumber = {0186938},
 mrreviewer = {M. Lees},
 pages = {3--23},
 publisher = {Amer. Math. Soc., Providence, R.I.},
 title = {Remarks on nonlinear parabolic equations},
 year = {1965}
}
