@book{friedman:63:generalized,
 author = {Friedman, Avner},
 mrclass = {46.40 (35.00)},
 mrnumber = {165388},
 mrreviewer = {G. E. Shilov},
 pages = {xii+340},
 publisher = {Prentice-Hall, Inc., Englewood Cliffs, NJ},
 title = {Generalized functions and partial differential equations},
 year = {1963}
}
