@article{friedman.mcleod:86:blow-up,
 author = {Friedman, Avner and McLeod, Bryce},
 doi = {10.1007/BF00251413},
 fjournal = {Archive for Rational Mechanics and Analysis},
 issn = {0003-9527},
 journal = {Arch. Rational Mech. Anal.},
 mrclass = {35B40 (35K65)},
 mrnumber = {853975},
 mrreviewer = {R. E. Showalter},
 number = {1},
 pages = {55--80},
 title = {Blow-up of solutions of nonlinear degenerate parabolic equations},
 url = {https://doi.org/10.1007/BF00251413},
 volume = {96},
 year = {1986}
}
