@article{fritsch:20:online,
  author        = {Robin Fritsch},
  journal       = {CoRR},
  title         = {Online Graph Exploration on Trees, Unicyclic Graphs and Cactus Graphs},
  volume        = {abs/2004.06690},
  year          = {2020}
}
