@article{frohlich.simon.ea:76:infrared,
 author = {Fr\"ohlich, J. and Simon, B. and Spencer, Thomas},
 fjournal = {Communications in Mathematical Physics},
 issn = {0010-3616,1432-0916},
 journal = {Comm. Math. Phys.},
 mrclass = {82.47},
 mrnumber = {421531},
 mrreviewer = {O.\ Penrose},
 number = {1},
 pages = {79--95},
 title = {Infrared bounds, phase transitions and continuous symmetry breaking},
 url = {http://projecteuclid.org/euclid.cmp/1103900151},
 volume = {50},
 year = {1976}
}
