@article{fromm:93:potential,
 author = {Fromm, Stephen J.},
 doi = {10.2307/2159846},
 fjournal = {Proceedings of the American Mathematical Society},
 issn = {0002-9939},
 journal = {Proc. Amer. Math. Soc.},
 mrclass = {35J25 (35B65)},
 mrnumber = {1156467},
 mrreviewer = {Yehuda Pinchover},
 number = {1},
 pages = {225--233},
 title = {Potential space estimates for {G}reen potentials in convex
domains},
 url = {https://doi.org/10.2307/2159846},
 volume = {119},
 year = {1993}
}
