@article{fuchs.stelzer:13:mixing,
 author = {Fuchs, Florian and Stelzer, Robert},
 doi = {10.1051/ps/2011158},
 fjournal = {ESAIM. Probability and Statistics},
 issn = {1292-8100},
 journal = {ESAIM Probab. Stat.},
 mrclass = {60G10 (60E07 60J75 62M10 91B70)},
 mrnumber = {3070886},
 pages = {455--471},
 title = {Mixing conditions for multivariate infinitely divisible processes with an application to mixed moving averages and the sup{OU} stochastic volatility model},
 url = {https://doi.org/10.1051/ps/2011158},
 volume = {17},
 year = {2013}
}
