@book{fudenberg.drew.ea:98:theory,
  author        = {Fudenberg, Drew and Drew, Fudenberg and Levine, David K and Levine, David K},
  publisher     = {MIT Press},
  title         = {The theory of learning in games},
  volume        = {2},
  year          = {1998}
}
