@article{fujita:69:on,
  author        = {Fujita, Hiroshi},
  doi           = {10.1090/S0002-9904-1969-12175-0},
  fjournal      = {Bulletin of the American Mathematical Society},
  issn          = {0002-9904},
  journal       = {Bull. Amer. Math. Soc.},
  mrclass       = {35.36},
  mrnumber      = {239258},
  mrreviewer    = {P. Cooperman},
  pages         = {132--135},
  title         = {On the nonlinear equations {$\Delta u+e^{u}=0$} and {\$\partial v/\partial t=\Delta v+e ^{v}\$}},
  url           = {https://doi.org/10.1090/S0002-9904-1969-12175-0},
  volume        = {75},
  year          = {1969}
}
