@article{fujie.winkler.ea:14:blow-up,
  author        = {Fujie, Kentarou and Winkler, Michael and Yokota, Tomomi},
  doi           = {10.1016/j.na.2014.06.017},
  fjournal      = {Nonlinear Analysis. Theory, Methods \& Applications. An International Multidisciplinary Journal},
  issn          = {0362-546X},
  journal       = {Nonlinear Anal.},
  mrclass       = {35M33 (35B35 35B44 35B45 35K59)},
  mrnumber      = {3247293},
  pages         = {56--71},
  title         = {Blow-up prevention by logistic sources in a parabolic-elliptic {K}eller-{S}egel system with singular sensitivity},
  url           = {https://doi.org/10.1016/j.na.2014.06.017},
  volume        = {109},
  year          = {2014}
}
