@article{fujie.yokota:14:boundedness,
 author = {Fujie, Kentarou and Yokota, Tomomi},
 doi = {10.1016/j.aml.2014.07.021},
 fjournal = {Applied Mathematics Letters. An International Journal of Rapid Publication},
 issn = {0893-9659},
 journal = {Appl. Math. Lett.},
 mrclass = {92C17 (35A01 35A09 35K51)},
 mrnumber = {3258217},
 pages = {140--143},
 title = {Boundedness in a fully parabolic chemotaxis system with strongly singular sensitivity},
 url = {https://doi.org/10.1016/j.aml.2014.07.021},
 volume = {38},
 year = {2014}
}
