@article{fujie.winkler.ea:15:boundedness,
 author = {Fujie, Kentarou and Winkler, Michael and Yokota, Tomomi},
 doi = {10.1002/mma.3149},
 fjournal = {Mathematical Methods in the Applied Sciences},
 issn = {0170-4214},
 journal = {Math. Methods Appl. Sci.},
 mrclass = {35M33 (35B45 35K59)},
 mrnumber = {3338145},
 number = {6},
 pages = {1212--1224},
 title = {Boundedness of solutions to parabolic-elliptic
{K}eller-{S}egel systems with signal-dependent
sensitivity},
 url = {https://doi.org/10.1002/mma.3149},
 volume = {38},
 year = {2015}
}
