@article{fujie.senba:16:global,
 author = {Fujie, Kentarou and Senba, Takasi},
 doi = {10.3934/dcdsb.2016.21.81},
 fjournal = {Discrete and Continuous Dynamical Systems. Series B. A Journal Bridging Mathematics and Sciences},
 issn = {1531-3492},
 journal = {Discrete Contin. Dyn. Syst. Ser. B},
 mrclass = {35M33 (35A01 35B44 35B45 92C17)},
 mrnumber = {3426833},
 number = {1},
 pages = {81--102},
 title = {Global existence and boundedness in a parabolic-elliptic {K}eller-{S}egel system with general sensitivity},
 url = {https://doi.org/10.3934/dcdsb.2016.21.81},
 volume = {21},
 year = {2016}
}
