@article{fujita:90:integrodifferential,
 author = {Fujita, Yasuhiro},
 fjournal = {Osaka Journal of Mathematics},
 issn = {0030-6126},
 journal = {Osaka J. Math.},
 mrclass = {45K05},
 mrnumber = {1088183},
 mrreviewer = {Hana Petzeltov\'{a}},
 number = {4},
 pages = {797--804},
 title = {Integrodifferential equation which interpolates the heat
equation and the wave equation. {II}},
 url = {http://projecteuclid.org/euclid.ojm/1200782677},
 volume = {27},
 year = {1990}
}
