@article{fukai.takeuchi:17:kardar-parisi-zhang,
 author = {Fukai, Yohsuke T. and Takeuchi, Kazumasa A.},
 doi = {10.1103/PhysRevLett.119.030602},
 issue = {3},
 journal = {Phys. Rev. Lett.},
 month = {Jul},
 numpages = {5},
 pages = {030602},
 publisher = {American Physical Society},
 title = {Kardar-Parisi-Zhang Interfaces with Inward Growth},
 url = {https://link.aps.org/doi/10.1103/PhysRevLett.119.030602},
 volume = {119},
 year = {2017}
}
