@article{fukai.takeuchi:20:kardar-parisi-zhang,
  author        = {Fukai, Yohsuke T. and Takeuchi, Kazumasa A.},
  doi           = {10.1103/PhysRevLett.124.060601},
  fjournal      = {Physical Review Letters},
  issn          = {0031-9007},
  journal       = {Phys. Rev. Lett.},
  mrclass       = {82C24},
  mrnumber      = {4070683},
  number        = {6},
  pages         = {060601, 6},
  title         = {Kardar-{P}arisi-{Z}hang interfaces with curved initial shapes and variational formula},
  url           = {https://doi.org/10.1103/PhysRevLett.124.060601},
  volume        = {124},
  year          = {2020}
}
