@article{funaki.olla:01:fluctuations,
  author        = {Funaki, Tadahisa and Olla, Stefano},
  doi           = {10.1016/S0304-4149(00)00104-6},
  fjournal      = {Stochastic Processes and their Applications},
  issn          = {0304-4149},
  journal       = {Stochastic Process. Appl.},
  mrclass       = {60K35 (60H15 82B24 82B41)},
  mrnumber      = {1835843},
  mrreviewer    = {Giambattista Giacomin},
  number        = {1},
  pages         = {1--27},
  title         = {Fluctuations for {$\nabla\phi$} interface model on a wall},
  url           = {https://doi.org/10.1016/S0304-4149(00)00104-6},
  volume        = {94},
  year          = {2001}
}
