@article{funaki:79:probabilistic,
 author = {Funaki, Tadahisa},
 fjournal = {Japan Academy. Proceedings. Series A. Mathematical
Sciences},
 issn = {0386-2194},
 journal = {Proc. Japan Acad. Ser. A Math. Sci.},
 mrclass = {60H05 (35K30 60J60)},
 mrnumber = {533542},
 mrreviewer = {S. I. Rosencrans},
 number = {5},
 pages = {176--179},
 title = {Probabilistic construction of the solution of some higher
order parabolic differential equation},
 url = {http://projecteuclid.org/euclid.pja/1195517312},
 volume = {55},
 year = {1979}
}
