@article{furstenberg.kesten:60:products,
 author = {Furstenberg, H. and Kesten, H.},
 doi = {10.1214/aoms/1177705909},
 fjournal = {Annals of Mathematical Statistics},
 issn = {0003-4851},
 journal = {Ann. Math. Statist.},
 mrclass = {60.00},
 mrnumber = {121828},
 mrreviewer = {R.\ E.\ Bellman},
 pages = {457--469},
 title = {Products of random matrices},
 url = {https://doi.org/10.1214/aoms/1177705909},
 volume = {31},
 year = {1960}
}
