@incollection{fyodorov.savin:11:resonance,
  author        = {Fyodorov, Y. V. and Savin, D. V.},
  booktitle     = {The {O}xford handbook of random matrix theory},
  mrclass       = {81U10 (60B20)},
  mrnumber      = {2932654},
  mrreviewer    = {Nizar Demni},
  pages         = {703--722},
  publisher     = {Oxford Univ. Press, Oxford},
  title         = {Resonance scattering of waves in chaotic systems},
  year          = {2011}
}
