@article{g-atarek.go-dys:96:existence,
 author = {G\polhk atarek, Dariusz and Go\l dys, Beniamin},
 fjournal = {Studia Mathematica},
 issn = {0039-3223},
 journal = {Studia Math.},
 mrclass = {81S20 (60H15 81T40)},
 mrnumber = {1391475},
 mrreviewer = {Vivek S. Borkar},
 number = {2},
 pages = {179--193},
 title = {Existence, uniqueness and ergodicity for the stochastic quantization equation},
 volume = {119},
 year = {1996}
}
