@article{gage.hamilton:86:heat,
  author        = {Gage, M. and Hamilton, R. S.},
  fjournal      = {Journal of Differential Geometry},
  issn          = {0022-040X},
  journal       = {J. Differential Geom.},
  mrclass       = {53A04 (35K05 52A40 58E99 58G11)},
  mrnumber      = {840401},
  mrreviewer    = {R. Osserman},
  number        = {1},
  pages         = {69--96},
  title         = {The heat equation shrinking convex plane curves},
  url           = {http://projecteuclid.org/euclid.jdg/1214439902},
  volume        = {23},
  year          = {1986}
}
