@article{gajic.stankovic:76:some,
 author = {Gaji\'{c}, Lj. and Stankovi\'{c}, B.},
 fjournal = {Institut Math\'{e}matique. Publications. Nouvelle
S\'{e}rie},
 issn = {0350-1302},
 journal = {Publ. Inst. Math. (Beograd) (N.S.)},
 mrclass = {33A35},
 mrnumber = {437820},
 mrreviewer = {Y. L. Luke},
 pages = {91--98},
 title = {Some properties of {W}right's function},
 volume = {20(34)},
 year = {1976}
}
