@article{galaktionov.kurdyumov.ea:84:approximate,
 author = {Galaktionov, V. A. and Kurdyumov, S. P. and Samarskiu{i},
A. A.},
 fjournal = {Matematicheskiu{i} Sbornik. Novaya Seriya},
 issn = {0368-8666},
 journal = {Mat. Sb. (N.S.)},
 mrclass = {35K55 (35A22 35C99)},
 mrnumber = {746066},
 mrreviewer = {Guang Chang Dong},
 number = {2},
 pages = {163--188},
 title = {Approximate self-similar solutions of a class of
quasilinear heat equations with a source},
 volume = {124(166)},
 year = {1984}
}
