@article{galaktionov.kurdyumov.ea:83:parabolic,
 author = {Galaktionov, V. A. and Kurdyumov, S. P. and Samarskiu{i},
A. A.},
 fjournal = {Differentsial{\cprime}nye Uravneniya},
 issn = {0374-0641},
 journal = {Differentsial{\cprime}nye Uravneniya},
 mrclass = {35K60 (35B35)},
 mrnumber = {729570},
 mrreviewer = {R. Schumann},
 number = {12},
 pages = {2123--2140},
 title = {A parabolic system of quasilinear equations. {I}},
 volume = {19},
 year = {1983}
}
