@article{galaktionov.hulshof.ea:97:extinction,
 author = {Galaktionov, Victor A. and Hulshof, Josephus and Vazquez,
Juan L.},
 doi = {10.1016/S0021-7824(97)89963-1},
 fjournal = {Journal de Math\'{e}matiques Pures et Appliqu\'{e}es.
Neuvi\`eme S\'{e}rie},
 issn = {0021-7824},
 journal = {J. Math. Pures Appl. (9)},
 mrclass = {35R35 (35B40 35K05 80A25)},
 mrnumber = {1472115},
 mrreviewer = {Lisa Santos},
 number = {7},
 pages = {563--608},
 title = {Extinction and focusing behaviour of spherical and annular
flames described by a free boundary problem},
 url = {https://doi.org/10.1016/S0021-7824(97)89963-1},
 volume = {76},
 year = {1997}
}
