@article{galaktionov.shmarev.ea:99:second-order,
  author        = {Galaktionov, Victor A. and Shmarev, Sergei I. and Vazquez, Juan L.},
  doi           = {10.1142/S0219199799000031},
  fjournal      = {Communications in Contemporary Mathematics},
  issn          = {0219-1997},
  journal       = {Commun. Contemp. Math.},
  mrclass       = {35K55 (35R35)},
  mrnumber      = {1681812},
  number        = {1},
  pages         = {51--64},
  title         = {Second-order interface equations for nonlinear diffusion with very strong absorption},
  url           = {https://doi.org/10.1142/S0219199799000031},
  volume        = {1},
  year          = {1999}
}
