@article{galaktionov.vazquez:97:incomplete,
 author = {Galaktionov, Victor A. and Vazquez, Juan L.},
 doi = {10.1080/03605309708821306},
 fjournal = {Communications in Partial Differential Equations},
 issn = {0360-5302},
 journal = {Comm. Partial Differential Equations},
 mrclass = {35K65 (35B05 35R35)},
 mrnumber = {1469577},
 mrreviewer = {Georg S. Weiss},
 number = {9-10},
 pages = {1405--1452},
 title = {Incomplete blow-up and singular interfaces for quasilinear heat equations},
 url = {https://doi.org/10.1080/03605309708821306},
 volume = {22},
 year = {1997}
}
