@incollection{galaktionov.vazquez:02:problem,
 author = {Galaktionov, Victor A. and V\'{a}zquez, Juan L.},
 doi = {10.3934/dcds.2002.8.399},
 fjournal = {Discrete and Continuous Dynamical Systems. Series A},
 issn = {1078-0947},
 journal = {Discrete Contin. Dyn. Syst.},
 mrclass = {35K55 (35B40 35K65)},
 mrnumber = {1897690},
 mrreviewer = {Dian K. Palagachev},
 note = {Current developments in partial differential equations
(Temuco, 1999)},
 number = {2},
 pages = {399--433},
 title = {The problem of blow-up in nonlinear parabolic equations},
 url = {https://doi.org/10.3934/dcds.2002.8.399},
 volume = {8},
 year = {2002}
}
