@article{galeati:20:on,
  author        = {Galeati, Lucio},
  doi           = {10.1007/s40072-019-00162-6},
  fjournal      = {Stochastic Partial Differential Equations. Analysis and Computations},
  issn          = {2194-0401},
  journal       = {Stoch. Partial Differ. Equ. Anal. Comput.},
  mrclass       = {60H15 (35R60 60J60 82C22)},
  mrnumber      = {4174071},
  number        = {4},
  pages         = {833--868},
  title         = {On the convergence of stochastic transport equations to a deterministic parabolic one},
  url           = {https://doi.org/10.1007/s40072-019-00162-6},
  volume        = {8},
  year          = {2020}
}
