@article{galeati.gubinelli:20:prevalence,
 author = {Lucio Galeati and Massimiliano Gubinelli},
 journal = {preprint arXiv:2004.00872},
 month = {April},
 title = {Prevalence of $\rho$-irregularity and related properties},
 url = {http://arXiv.org/abs/2004.00872},
 year = {2020}
}
