@article{gallego.naveiro.ea:19:opponent,
  author        = {Gallego, Victor and Naveiro, Roi and Insua, David R{\'\i}os and Oteiza, David Gomez-Ullate},
  journal       = {arXiv preprint arXiv:1908.08773},
  title         = {Opponent aware reinforcement learning},
  year          = {2019}
}
