@article{gallian:18:dynamic,
 author = {Joseph A. Gallian},
 journal = {The Electronic Journal of Combinatorics},
 title = {A Dynamic Survey of Graph Labeling (Twenty-first edition,
2018)},
 url = {http://www.combinatorics.org/ojs/index.php/eljc/article/viewFile/DS6/pdf},
 year = {2018}
}
