@article{galves.presutti:87:edge,
  author        = {Galves, Antonio and Presutti, Errico},
  fjournal      = {The Annals of Probability},
  issn          = {0091-1798},
  journal       = {Ann. Probab.},
  mrclass       = {60K35 (60F17)},
  mrnumber      = {893919},
  mrreviewer    = {W. David Wick},
  number        = {3},
  pages         = {1131--1145},
  title         = {Edge fluctuations for the one-dimensional supercritical contact process},
  url           = {http://links.jstor.org/sici?sici=0091-1798(198707)15:3<1131:EFFTOD>2.0.CO;2-1\&origin=MSN},
  volume        = {15},
  year          = {1987}
}
