@article{gancedo:08:existence,
  author        = {Gancedo, Francisco},
  doi           = {10.1016/j.aim.2007.10.010},
  fjournal      = {Advances in Mathematics},
  issn          = {0001-8708},
  journal       = {Adv. Math.},
  mrclass       = {35Q35 (76B03 76U05)},
  mrnumber      = {2397460},
  mrreviewer    = {Milton C. Lopes Filho},
  number        = {6},
  pages         = {2569--2598},
  title         = {Existence for the {$\alpha$}-patch model and the {QG} sharp front in {S}obolev spaces},
  url           = {https://doi.org/10.1016/j.aim.2007.10.010},
  volume        = {217},
  year          = {2008}
}
