@incollection{gantert.zeitouni:99:large,
 author = {Gantert, Nina and Zeitouni, Ofer},
 booktitle = {Random walks ({B}udapest, 1998)},
 isbn = {963-8022-91-4},
 mrclass = {60F10 (60G50 60K37)},
 mrnumber = {1752893},
 mrreviewer = {Didier\ Piau},
 pages = {127--165},
 publisher = {J\'{a}nos Bolyai Math. Soc., Budapest},
 series = {Bolyai Soc. Math. Stud.},
 title = {Large deviations for one-dimensional random walk in a
random environment---a survey},
 volume = {9},
 year = {1999}
}
