@article{gao.li:06:logarithmic,
  author        = {Gao, Fuchang and Li, Wenbo V.},
  doi           = {10.1007/s10959-006-0026-1},
  fjournal      = {Journal of Theoretical Probability},
  issn          = {0894-9840,1572-9230},
  journal       = {J. Theoret. Probab.},
  mrclass       = {60G15 (60F99 60G10)},
  mrnumber      = {2280509},
  mrreviewer    = {J.\ H\"{u}sler},
  number        = {3},
  pages         = {535--556},
  title         = {Logarithmic level comparison for small deviation probabilities},
  url           = {https://doi.org/10.1007/s10959-006-0026-1},
  volume        = {19},
  year          = {2006}
}
