@article{garban.rhodes.ea:16:liouville,
 author = {Garban, Christophe and Rhodes, R\'emi and Vargas, Vincent},
 doi = {10.1214/15-AOP1042},
 fjournal = {The Annals of Probability},
 issn = {0091-1798,2168-894X},
 journal = {Ann. Probab.},
 mrclass = {60D05 (28A80 60G15)},
 mrnumber = {3531686},
 mrreviewer = {Artemi\ Berlinkov},
 number = {4},
 pages = {3076--3110},
 title = {Liouville {B}rownian motion},
 url = {https://doi.org/10.1214/15-AOP1042},
 volume = {44},
 year = {2016}
}
