@article{gardner.greene.ea:67:method,
 author = {Gardner, Clifford S. and Greene, John M. and Kruskal, Martin D. and Miura, Robert M.},
 doi = {10.1103/PhysRevLett.19.1095},
 issue = {19},
 journal = {Phys. Rev. Lett.},
 month = {Nov},
 numpages = {0},
 pages = {1095--1097},
 publisher = {American Physical Society},
 title = {Method for Solving the Korteweg-deVries Equation},
 url = {https://link.aps.org/doi/10.1103/PhysRevLett.19.1095},
 volume = {19},
 year = {1967}
}
