@book{gardiner:85:handbook,
 author = {Gardiner, C. W.},
 edition = {Second},
 isbn = {3-540-15607-0; 3-540-61634-9},
 mrclass = {00A69 (60-01 81C20 82A31)},
 mrnumber = {858704},
 note = {For physics, chemistry and the natural sciences},
 pages = {xx+442},
 publisher = {Springer-Verlag, Berlin},
 series = {Springer Series in Synergetics},
 title = {Handbook of stochastic methods},
 volume = {13},
 year = {1985}
}
