@article{gardner:71:korteweg-de,
  author        = {Gardner, Clifford S.},
  doi           = {10.1063/1.1665772},
  fjournal      = {Journal of Mathematical Physics},
  issn          = {0022-2488},
  journal       = {J. Mathematical Phys.},
  mrclass       = {81.35 (35.00)},
  mrnumber      = {286402},
  mrreviewer    = {Joel Smoller},
  pages         = {1548--1551},
  title         = {Korteweg-de {V}ries equation and generalizations. {IV}. {T}he {K}orteweg-de {V}ries equation as a {H}amiltonian system},
  url           = {https://doi.org/10.1063/1.1665772},
  volume        = {12},
  year          = {1971}
}
