@article{gardner.derrida:88:optimal,
  author        = {Gardner, E. and Derrida, B.},
  fjournal      = {Journal of Physics. A. Mathematical and General},
  issn          = {0305-4470,1751-8121},
  journal       = {J. Phys. A},
  mrclass       = {82A57 (68M99 92A09)},
  mrnumber      = {939731},
  mrreviewer    = {F.\ Ventriglia},
  number        = {1},
  pages         = {271--284},
  title         = {Optimal storage properties of neural network models},
  url           = {http://stacks.iop.org/0305-4470/21/271},
  volume        = {21},
  year          = {1988}
}
