@book{garey.johnson:90:computers,
  author        = {M. R. Garey and D. S. Johnson},
  publisher     = {W. H. Freeman \& Co., New York},
  title         = {Computers and Intractability: A Guide to the Theory of {NP-}Completeness},
  year          = {1990}
}
