@article{garnier.s-lna:15:white-noise*2,
 author = {Garnier, Josselin and S\o lna, Knut},
 doi = {10.1137/15M101556X},
 fjournal = {Multiscale Modeling \& Simulation. A SIAM Interdisciplinary Journal},
 issn = {1540-3459,1540-3467},
 journal = {Multiscale Model. Simul.},
 mrclass = {35R60 (60F05 60H15)},
 mrnumber = {3402777},
 mrreviewer = {Le\ Chen},
 number = {3},
 pages = {1022--1060},
 title = {White-noise paraxial approximation for a general random hyperbolic system},
 url = {https://doi.org/10.1137/15M101556X},
 volume = {13},
 year = {2015}
}
