@article{garra.giusti.ea:14:fractional,
 author = {Garra, Roberto and Giusti, Andrea and Mainardi, Francesco
and Pagnini, Gianni},
 doi = {10.2478/s13540-014-0178-0},
 fjournal = {Fractional Calculus and Applied Analysis. An International
Journal for Theory and Applications},
 issn = {1311-0454,1314-2224},
 journal = {Fract. Calc. Appl. Anal.},
 mrclass = {34A08 (26A33 33E12 34A05)},
 mrnumber = {3181064},
 mrreviewer = {Manuel\ Duarte\ Ortigueira},
 number = {2},
 pages = {424--439},
 title = {Fractional relaxation with time-varying coefficient},
 url = {https://doi.org/10.2478/s13540-014-0178-0},
 volume = {17},
 year = {2014}
}
