@inproceedings{garsia:72:continuity,
 author = {Garsia, Adriano M.},
 booktitle = {Proceedings of the {S}ixth {B}erkeley {S}ymposium on
{M}athematical {S}tatistics and {P}robability ({U}niv.
{C}alifornia, {B}erkeley, {C}alif., 1970/1971), {V}ol.
{II}: {P}robability theory},
 mrclass = {60G15},
 mrnumber = {410880},
 mrreviewer = {P. Laurie Davies},
 pages = {369--374},
 publisher = {Univ. California Press, Berkeley, CA},
 title = {Continuity properties of {G}aussian processes with
multidimensional time parameter},
 year = {1972}
}
