@article{garsia.rodemich:74:monotonicity,
 author = {Garsia, A. M. and Rodemich, E.},
 fjournal = {Universit\'{e} de Grenoble. Annales de l'Institut Fourier},
 issn = {0373-0956},
 journal = {Ann. Inst. Fourier (Grenoble)},
 mrclass = {26A16 (42A20 46E30 60G17)},
 mrnumber = {414802},
 mrreviewer = {Evarist Gin\'{e}},
 number = {2},
 pages = {vi, 67--116},
 title = {Monotonicity of certain functionals under rearrangement},
 url = {http://www.numdam.org/item?id=AIF_1974__24_2_67_0},
 volume = {24},
 year = {1974}
}
