@article{gartner:88:convergence,
 author = {G\"{a}rtner, J\"{u}rgen},
 doi = {10.1016/0304-4149(87)90040-8},
 fjournal = {Stochastic Processes and their Applications},
 issn = {0304-4149},
 journal = {Stochastic Process. Appl.},
 mrclass = {60K35},
 mrnumber = {931030},
 mrreviewer = {Stefano Olla},
 number = {2},
 pages = {233--260},
 title = {Convergence towards {B}urgers' equation and propagation of
chaos for weakly asymmetric exclusion processes},
 url = {https://doi.org/10.1016/0304-4149(87)90040-8},
 volume = {27},
 year = {1988}
}
