@article{gartner.konig.ea:07:geometric,
 author = {G\"{a}rtner, J\"{u}rgen and K\"{o}nig, Wolfgang and
Molchanov, Stanislav},
 doi = {10.1214/009117906000000764},
 fjournal = {The Annals of Probability},
 issn = {0091-1798},
 journal = {Ann. Probab.},
 mrclass = {60H25 (35R60 47B80 60F10 82C44)},
 mrnumber = {2308585},
 mrreviewer = {Peter M\"{o}rters},
 number = {2},
 pages = {439--499},
 title = {Geometric characterization of intermittency in the
parabolic {A}nderson model},
 url = {https://doi.org/10.1214/009117906000000764},
 volume = {35},
 year = {2007}
}
