@article{garthwaite.kadane.ea:05:statistical,
  author        = {Garthwaite, Paul H and Kadane, Joseph B and O'Hagan, Anthony},
  journal       = {Journal of the American Statistical Association},
  number        = {470},
  pages         = {680--701},
  publisher     = {Taylor \& Francis},
  title         = {Statistical methods for eliciting probability distributions},
  volume        = {100},
  year          = {2005}
}
