@article{gartner.konig:00:moment,
  author        = {G\"{a}rtner, J\"{u}rgen and K\"{o}nig, Wolfgang},
  doi           = {10.1214/aoap/1019737669},
  fjournal      = {The Annals of Applied Probability},
  issn          = {1050-5164},
  journal       = {Ann. Appl. Probab.},
  mrclass       = {60K35 (35R60 60F99 60H15 82C44)},
  mrnumber      = {1765208},
  mrreviewer    = {Barbara Gentz},
  number        = {1},
  pages         = {192--217},
  title         = {Moment asymptotics for the continuous parabolic {A}nderson model},
  url           = {https://doi.org/10.1214/aoap/1019737669},
  volume        = {10},
  year          = {2000}
}
