@incollection{gartner.konig:05:parabolic,
  author        = {G\"{a}rtner, J\"{u}rgen and K\"{o}nig, Wolfgang},
  booktitle     = {Interacting stochastic systems},
  doi           = {10.1007/3-540-27110-4\_8},
  mrclass       = {82B44},
  mrnumber      = {2118574},
  mrreviewer    = {David Damanik},
  pages         = {153--179},
  publisher     = {Springer, Berlin},
  title         = {The parabolic {A}nderson model},
  url           = {https://doi.org/10.1007/3-540-27110-4\_8},
  year          = {2005}
}
