@article{garzon.torres.ea:12:strong,
  author        = {Garz\'on, Johanna and Torres, Soledad and Tudor, Ciprian A.},
  doi           = {10.1016/j.jmaa.2012.02.040},
  fjournal      = {Journal of Mathematical Analysis and Applications},
  issn          = {0022-247X,1096-0813},
  journal       = {J. Math. Anal. Appl.},
  mrclass       = {60G22 (60H07)},
  mrnumber      = {2903159},
  mrreviewer    = {Fabrice\ Baudoin},
  number        = {2},
  pages         = {630--647},
  title         = {A strong convergence to the {R}osenblatt process},
  url           = {https://doi.org/10.1016/j.jmaa.2012.02.040},
  volume        = {391},
  year          = {2012}
}
