@inproceedings{gasieniec.radzik:08:memory,
 author = {L. Gasieniec and T. Radzik},
 pages = {p.14--29},
 series = {Lecture Notes in Computer Science},
 title = {Memory efficient anonymous graph exploration},
 volume = {5344},
 year = {2008}
}
