@article{gasteratos.salins.ea:24:importance,
 author = {Gasteratos, Ioannis and Salins, Michael and Spiliopoulos,
Konstantinos},
 doi = {10.1007/s40072-023-00320-x},
 fjournal = {Stochastic Partial Differential Equations. Analysis and
Computations},
 issn = {2194-0401,2194-041X},
 journal = {Stoch. Partial Differ. Equ. Anal. Comput.},
 mrclass = {65C05 (60G99)},
 mrnumber = {4797877},
 number = {4},
 pages = {2081--2150},
 title = {Importance sampling for stochastic reaction-diffusion
equations in the moderate deviation regime},
 url = {https://doi.org/10.1007/s40072-023-00320-x},
 volume = {12},
 year = {2024}
}
