@article{gatarek.go-dys:94:on,
  author        = {G\c{a}tarek, Dariusz and Go\l dys, Beniamin},
  doi           = {10.1080/17442509408833868},
  fjournal      = {Stochastics and Stochastics Reports},
  issn          = {1045-1129},
  journal       = {Stochastics Stochastics Rep.},
  mrclass       = {60H10 (34F05 47D06 60H15)},
  mrnumber      = {1787166},
  number        = {1-2},
  pages         = {41--51},
  title         = {On weak solutions of stochastic equations in {H}ilbert spaces},
  url           = {https://doi.org/10.1080/17442509408833868},
  volume        = {46},
  year          = {1994}
}
