@article{gaudreau-lamarre.lin.ea:23:kpz,
 author = {Gaudreau Lamarre, Pierre Yves and Lin, Yier and Tsai, Li-Cheng},
 doi = {10.1007/s00440-022-01185-2},
 fjournal = {Probability Theory and Related Fields},
 issn = {0178-8051,1432-2064},
 journal = {Probab. Theory Related Fields},
 mrclass = {60H15 (60F10)},
 mrnumber = {4556284},
 mrreviewer = {Jiang\ Lun\ Wu},
 number = {3-4},
 pages = {885--920},
 title = {K{PZ} equation with a small noise, deep upper tail and limit shape},
 url = {https://doi.org/10.1007/s00440-022-01185-2},
 volume = {185},
 year = {2023}
}
