@article{gaudreau-lamarre:20:on,
  author        = {Gaudreau Lamarre, Pierre Yves},
  doi           = {10.1214/20-AIHP1055},
  fjournal      = {Annales de l'Institut Henri Poincar\'{e} Probabilit\'{e}s et Statistiques},
  issn          = {0246-0203,1778-7017},
  journal       = {Ann. Inst. Henri Poincar\'{e} Probab. Stat.},
  mrclass       = {60B20 (47D08 60H25 60J55)},
  mrnumber      = {4164853},
  number        = {4},
  pages         = {2686--2731},
  title         = {On the convergence of random tridiagonal matrices to stochastic semigroups},
  url           = {https://doi.org/10.1214/20-AIHP1055},
  volume        = {56},
  year          = {2020}
}
