@article{gaudreau-lamarre.ghosal.ea:23:moment,
 author = {Gaudreau Lamarre, Pierre Yves and Ghosal, Promit and Liao, Yuchen},
 doi = {10.1090/tran/8978},
 fjournal = {Transactions of the American Mathematical Society},
 issn = {0002-9947,1088-6850},
 journal = {Trans. Amer. Math. Soc.},
 mrclass = {60H15 (35A15 60F10)},
 mrnumber = {4636689},
 number = {10},
 pages = {7235--7286},
 title = {Moment intermittency in the {PAM} with asymptotically singular noise},
 url = {https://doi.org/10.1090/tran/8978},
 volume = {376},
 year = {2023}
}
