@article{gaw-edzki.kupiainen:85:massless,
 author = {Gaw\polhk edzki, K. and Kupiainen, A.},
 fjournal = {Communications in Mathematical Physics},
 issn = {0010-3616},
 journal = {Comm. Math. Phys.},
 mrclass = {81E25 (81E15)},
 mrnumber = {790736},
 mrreviewer = {Giovanni Felder},
 number = {2},
 pages = {197--252},
 title = {Massless lattice {$\varphi^4_4$} theory: rigorous control
of a renormalizable asymptotically free model},
 url = {http://projecteuclid.org/euclid.cmp/1103942678},
 volume = {99},
 year = {1985}
}
