@article{gel-fand:63:some,
 author = {Gel{\cprime}fand, I. M.},
 fjournal = {American Mathematical Society Translations},
 issn = {0065-9290},
 journal = {Amer. Math. Soc. Transl. (2)},
 mrclass = {35.00},
 mrnumber = {0153960},
 pages = {295--381},
 title = {Some problems in the theory of quasilinear equations},
 volume = {29},
 year = {1963}
}
