@book{gelfand.vilenkin:64:generalized,
  author        = {Gel'fand, I. M. and Vilenkin, N. Ya.},
  mrclass       = {46.00 (46.40)},
  mrnumber      = {173945},
  mrreviewer    = {J. L. B. Cooper},
  note          = {Translated by Amiel Feinstein},
  pages         = {xiv+384},
  publisher     = {Academic Press, New York-London},
  title         = {Generalized functions. {V}ol. 4: {A}pplications of harmonic analysis},
  year          = {1964}
}
