@article{gelfand.smith:90:sampling-based,
  author        = {Gelfand, Alan E and Smith, Adrian FM},
  journal       = {Journal of the American Statistical Association},
  number        = {410},
  pages         = {398--409},
  publisher     = {Taylor \& Francis},
  title         = {Sampling-based approaches to calculating marginal densities},
  volume        = {85},
  year          = {1990}
}
