@article{geman:80:limit,
  author        = {Geman, Stuart},
  fjournal      = {The Annals of Probability},
  issn          = {0091-1798},
  journal       = {Ann. Probab.},
  mrclass       = {60F15},
  mrnumber      = {566592},
  mrreviewer    = {V. L. Girko},
  number        = {2},
  pages         = {252--261},
  title         = {A limit theorem for the norm of random matrices},
  url           = {http://links.jstor.org/sici?sici=0091-1798(198004)8:2<252:ALTFTN>2.0.CO;2-4\&origin=MSN},
  volume        = {8},
  year          = {1980}
}
