@article{georgiou.kumar.ea:10:tasep,
 author = {Georgiou, Nicos and Kumar, Rohini and Sepp\"{a}l\"{a}inen,
Timo},
 fjournal = {ALEA. Latin American Journal of Probability and
Mathematical Statistics},
 journal = {ALEA Lat. Am. J. Probab. Math. Stat.},
 mrclass = {60K35},
 mrnumber = {2732897},
 mrreviewer = {Daniel Remenik},
 pages = {293--318},
 title = {T{ASEP} with discontinuous jump rates},
 volume = {7},
 year = {2010}
}
