@article{gerasimovics.hairer:19:hormanders,
  author        = {Gerasimovi\v{c}s, Andris and Hairer, Martin},
  doi           = {10.1214/19-ejp387},
  fjournal      = {Electronic Journal of Probability},
  journal       = {Electron. J. Probab.},
  mrclass       = {60H15 (60H05 60H07 60L20)},
  mrnumber      = {4040992},
  mrreviewer    = {Jorge A. Le\'{o}n},
  pages         = {Paper No. 132, 56},
  title         = {H\"{o}rmander's theorem for semilinear {SPDE}s},
  url           = {https://doi.org/10.1214/19-ejp387},
  volume        = {24},
  year          = {2019}
}
