@article{gerolla.hairer.ea:24:scaling,
 author = {Luca Gerolla and Martin Hairer and Xue-Mei Li},
 journal = {preprint arXiv:2407.13215},
 month = {July},
 title = {Scaling limit of the KPZ equation with non-integrable spatial correlations},
 url = {http://arXiv.org/abs/2407.13215},
 year = {2024}
}
