@article{gerolla.hairer.ea:23:fluctuations,
 author = {Luca Gerolla and Martin Hairer and Xue-Mei Li},
 journal = {preprint arXiv:2303.09811},
 month = {March},
 title = {Fluctuations of stochastic PDEs with long-range correlations},
 url = {http://arXiv.org/abs/2303.09811},
 year = {2023}
}
