@article{gessel:90:symmetric,
 author = {Gessel, Ira M.},
 doi = {10.1016/0097-3165(90)90060-A},
 fjournal = {Journal of Combinatorial Theory. Series A},
 issn = {0097-3165},
 journal = {J. Combin. Theory Ser. A},
 mrclass = {05E05 (05A15)},
 mrnumber = {1041448},
 mrreviewer = {Dennis White},
 number = {2},
 pages = {257--285},
 title = {Symmetric functions and {P}-recursiveness},
 url = {https://doi.org/10.1016/0097-3165(90)90060-A},
 volume = {53},
 year = {1990}
}
