@article{gesztesy.simon:00:inverse,
 author = {Gesztesy, Fritz and Simon, Barry},
 doi = {10.1090/S0002-9947-99-02544-1},
 fjournal = {Transactions of the American Mathematical Society},
 issn = {0002-9947,1088-6850},
 journal = {Trans. Amer. Math. Soc.},
 mrclass = {34A55 (34B24 34L40 47E05)},
 mrnumber = {1694291},
 mrreviewer = {Vjacheslav\ A.\ Yurko},
 number = {6},
 pages = {2765--2787},
 title = {Inverse spectral analysis with partial information on the
potential. {II}. {T}he case of discrete spectrum},
 url = {https://doi.org/10.1090/S0002-9947-99-02544-1},
 volume = {352},
 year = {2000}
}
