@article{ghosal.silva:23:universality,
 author = {Ghosal, Promit and Silva, Guilherme L. F.},
 doi = {10.1007/s00220-022-04518-3},
 fjournal = {Communications in Mathematical Physics},
 issn = {0010-3616},
 journal = {Comm. Math. Phys.},
 mrclass = {60B20 (15B52 30E25 31A15 33C47 34M55)},
 mrnumber = {4541921},
 number = {3},
 pages = {1237--1307},
 title = {Universality for multiplicative statistics of {H}ermitian
random matrices and the integro-differential {P}ainlev\'{e}
{II} equation},
 url = {https://doi.org/10.1007/s00220-022-04518-3},
 volume = {397},
 year = {2023}
}
