@article{ghosh.zeitouni:16:large,
 author = {Ghosh, Subhroshekhar and Zeitouni, Ofer},
 doi = {10.1093/imrn/rnv174},
 fjournal = {International Mathematics Research Notices. IMRN},
 issn = {1073-7928,1687-0247},
 journal = {Int. Math. Res. Not. IMRN},
 mrclass = {60F10 (60G99)},
 mrnumber = {3509927},
 mrreviewer = {Maxim\ L.\ Yattselev},
 number = {5},
 pages = {1308--1347},
 title = {Large deviations for zeros of random polynomials with i.i.d. exponential coefficients},
 url = {https://doi.org/10.1093/imrn/rnv174},
 year = {2016}
}
