@article{ghosal.sen:22:multivariate,
 author = {Ghosal, Promit and Sen, Bodhisattva},
 doi = {10.1214/21-aos2136},
 fjournal = {The Annals of Statistics},
 issn = {0090-5364},
 journal = {Ann. Statist.},
 mrclass = {62G30 (35J96 60F15 62G20)},
 mrnumber = {4404927},
 number = {2},
 pages = {1012--1037},
 title = {Multivariate ranks and quantiles using optimal transport: consistency, rates and nonparametric testing},
 url = {https://doi.org/10.1214/21-aos2136},
 volume = {50},
 year = {2022}
}
