@article{ghosh:71:new,
  author        = {Ghosh, J. K.},
  doi           = {10.1214/aoms/1177693063},
  fjournal      = {Annals of Mathematical Statistics},
  issn          = {0003-4851},
  journal       = {Ann. Math. Statist.},
  mrclass       = {62G99},
  mrnumber      = {297071},
  pages         = {1957--1961},
  title         = {A new proof of the {B}ahadur representation of quantiles and an application},
  url           = {https://doi.org/10.1214/aoms/1177693063},
  volume        = {42},
  year          = {1971}
}
