@article{ghosal.nutz.ea:22:stability,
  author        = {Ghosal, Promit and Nutz, Marcel and Bernton, Espen},
  doi           = {10.1016/j.jfa.2022.109622},
  fjournal      = {Journal of Functional Analysis},
  issn          = {0022-1236},
  journal       = {J. Funct. Anal.},
  mrclass       = {49Q22 (49K40)},
  mrnumber      = {4460341},
  mrreviewer    = {Robert Niedzialomski},
  number        = {9},
  pages         = {Paper No. 109622, 22},
  title         = {Stability of entropic optimal transport and {S}chr\"{o}dinger bridges},
  url           = {https://doi.org/10.1016/j.jfa.2022.109622},
  volume        = {283},
  year          = {2022}
}
