@article{ghosh.peres:17:rigidity,
 author = {Ghosh, Subhroshekhar and Peres, Yuval},
 doi = {10.1215/00127094-2017-0002},
 fjournal = {Duke Mathematical Journal},
 issn = {0012-7094},
 journal = {Duke Math. J.},
 mrclass = {60G55 (60B20)},
 mrnumber = {3679882},
 number = {10},
 pages = {1789--1858},
 title = {Rigidity and tolerance in point processes: {G}aussian
zeros and {G}inibre eigenvalues},
 url = {https://doi.org/10.1215/00127094-2017-0002},
 volume = {166},
 year = {2017}
}
