@article{ghosh.krishnapur.ea:16:continuum,
 author = {Ghosh, Subhroshekhar and Krishnapur, Manjunath and Peres,
Yuval},
 doi = {10.1214/15-AOP1051},
 fjournal = {The Annals of Probability},
 issn = {0091-1798},
 journal = {Ann. Probab.},
 mrclass = {60D05 (60G55 60K35)},
 mrnumber = {3551199},
 mrreviewer = {Christian Hirsch},
 number = {5},
 pages = {3357--3384},
 title = {Continuum percolation for {G}aussian zeroes and {G}inibre
eigenvalues},
 url = {https://doi.org/10.1214/15-AOP1051},
 volume = {44},
 year = {2016}
}
