@article{ghosal.mukherjee:20:joint,
 author = {Ghosal, Promit and Mukherjee, Sumit},
 doi = {10.1214/19-AOS1822},
 fjournal = {The Annals of Statistics},
 issn = {0090-5364},
 journal = {Ann. Statist.},
 mrclass = {62F12 (60F10 60K35)},
 mrnumber = {4102676},
 mrreviewer = {Wolfgang Wefelmeyer},
 number = {2},
 pages = {785--810},
 title = {Joint estimation of parameters in {I}sing model},
 url = {https://doi.org/10.1214/19-AOS1822},
 volume = {48},
 year = {2020}
}
