@book{ghosh:13:rigidity,
 author = {Ghosh, Subhroshekhar},
 isbn = {978-1303-37299-5},
 mrclass = {Thesis},
 mrnumber = {3192798},
 note = {Thesis (Ph.D.)--University of California, Berkeley},
 pages = {134},
 publisher = {ProQuest LLC, Ann Arbor, MI},
 title = {Rigidity {P}henomena in random point sets},
 url = {http://gateway.proquest.com/openurl?url_ver=Z39.88-2004&rft_val_fmt=info:ofi/fmt:kev:mtx:dissertation&res_dat=xri:pqm&rft_dat=xri:pqdiss:3593834},
 year = {2013}
}
