@article{giacomin.lacoin:18:pinning,
 author = {Giacomin, Giambattista and Lacoin, Hubert},
 doi = {10.4171/JEMS/764},
 fjournal = {Journal of the European Mathematical Society (JEMS)},
 issn = {1435-9855,1435-9863},
 journal = {J. Eur. Math. Soc. (JEMS)},
 mrclass = {60K35 (60G15 82B24 82B27 82B44)},
 mrnumber = {3743241},
 mrreviewer = {Yoshihiro\ Abe},
 number = {1},
 pages = {199--257},
 title = {Pinning and disorder relevance for the lattice {G}aussian
free field},
 url = {https://doi.org/10.4171/JEMS/764},
 volume = {20},
 year = {2018}
}
