@incollection{giacomin.lebowitz.ea:99:deterministic,
 author = {Giacomin, Giambattista and Lebowitz, Joel L. and Presutti, Errico},
 booktitle = {Stochastic partial differential equations: six perspectives},
 doi = {10.1090/surv/064/03},
 mrclass = {60K35 (35R60 60H15 76A02 76M35 82B05 82C05)},
 mrnumber = {1661764},
 mrreviewer = {Pablo A. Ferrari},
 pages = {107--152},
 publisher = {Amer. Math. Soc., Providence, RI},
 series = {Math. Surveys Monogr.},
 title = {Deterministic and stochastic hydrodynamic equations arising from simple microscopic model systems},
 url = {https://doi.org/10.1090/surv/064/03},
 volume = {64},
 year = {1999}
}
