@article{giacomin.lacoin:18:disorder,
 author = {Giacomin, Giambattista and Lacoin, Hubert},
 doi = {10.1214/17-AAP1312},
 fjournal = {The Annals of Applied Probability},
 issn = {1050-5164,2168-8737},
 journal = {Ann. Appl. Probab.},
 mrclass = {60K35 (60K37 82B27 82B44 82D25)},
 mrnumber = {3770884},
 number = {1},
 pages = {577--606},
 title = {Disorder and wetting transition: the pinned harmonic
crystal in dimension three or larger},
 url = {https://doi.org/10.1214/17-AAP1312},
 volume = {28},
 year = {2018}
}
