@article{giga:85:domains,
 author = {Giga, Yoshikazu},
 doi = {10.1007/BF00276874},
 fjournal = {Archive for Rational Mechanics and Analysis},
 issn = {0003-9527},
 journal = {Arch. Rational Mech. Anal.},
 mrclass = {47F05 (35Q10 46M35)},
 mrnumber = {786549},
 mrreviewer = {Tosio Kato},
 number = {3},
 pages = {251--265},
 title = {Domains of fractional powers of the {S}tokes operator in {$L_r$} spaces},
 url = {https://doi.org/10.1007/BF00276874},
 volume = {89},
 year = {1985}
}
