@article{giga.sohr:91:abstract,
 author = {Giga, Yoshikazu and Sohr, Hermann},
 doi = {10.1016/0022-1236(91)90136-S},
 fjournal = {Journal of Functional Analysis},
 issn = {0022-1236},
 journal = {J. Funct. Anal.},
 mrclass = {35K22 (35Q30 76D05)},
 mrnumber = {1138838},
 mrreviewer = {Long An Ying},
 number = {1},
 pages = {72--94},
 title = {Abstract {$L^p$} estimates for the {C}auchy problem with applications to the {N}avier-{S}tokes equations in exterior domains},
 url = {https://doi.org/10.1016/0022-1236(91)90136-S},
 volume = {102},
 year = {1991}
}
