@article{giga:95:interior,
 author = {Giga, Yoshikazu},
 doi = {10.3934/dcds.1995.1.449},
 fjournal = {Discrete and Continuous Dynamical Systems},
 issn = {1078-0947},
 journal = {Discrete Contin. Dynam. Systems},
 mrclass = {35K60 (35B05)},
 mrnumber = {1355884},
 mrreviewer = {Dian K. Palagachev},
 number = {3},
 pages = {449--461},
 title = {Interior derivative blow-up for quasilinear parabolic equations},
 url = {https://doi.org/10.3934/dcds.1995.1.449},
 volume = {1},
 year = {1995}
}
