@book{gikhman.skorokhod:82:stokhasticheskie-differentsial-nye-uravneniya-i-ikh-prilozheniya,
 author = {Gikhman, I. I. and Skorokhod, A. V.},
 mrclass = {60-02 (34F05 35R60 60Gxx 60H10)},
 mrnumber = {678374},
 mrreviewer = {Yu. M. Kabanov},
 pages = {612},
 publisher = {``Naukova Dumka'', Kiev},
 title = {{\cyr Stokhasticheskie differentsial{\cprime}nye uravneniya
i ikh prilozheniya}},
 year = {1982}
}
