@book{gilbarg.trudinger:01:elliptic,
 author = {Gilbarg, David and Trudinger, Neil S.},
 isbn = {3-540-41160-7},
 mrclass = {35-02 (35Jxx)},
 mrnumber = {1814364},
 note = {Reprint of the 1998 edition},
 pages = {xiv+517},
 publisher = {Springer-Verlag, Berlin},
 series = {Classics in Mathematics},
 title = {Elliptic partial differential equations of second order},
 year = {2001}
}
