@article{gill.johansen:90:survey,
 author = {Gill, Richard D. and Johansen, S\o ren},
 doi = {10.1214/aos/1176347865},
 fjournal = {The Annals of Statistics},
 issn = {0090-5364},
 journal = {Ann. Statist.},
 mrclass = {60J27 (60H20 62G05)},
 mrnumber = {1074422},
 number = {4},
 pages = {1501--1555},
 title = {A survey of product-integration with a view toward application in survival analysis},
 url = {https://doi.org/10.1214/aos/1176347865},
 volume = {18},
 year = {1990}
}
