@article{ginibre.tsutsumi.ea:97:on,
  author        = {Ginibre, J. and Tsutsumi, Y. and Velo, G.},
  doi           = {10.1006/jfan.1997.3148},
  fjournal      = {Journal of Functional Analysis},
  issn          = {0022-1236},
  journal       = {J. Funct. Anal.},
  mrclass       = {35Q55},
  mrnumber      = {1491547},
  mrreviewer    = {Spyridon Kamvissis},
  number        = {2},
  pages         = {384--436},
  title         = {On the {C}auchy problem for the {Z}akharov system},
  url           = {https://doi.org/10.1006/jfan.1997.3148},
  volume        = {151},
  year          = {1997}
}
