@article{ginibre:65:statistical,
  author        = {Ginibre, Jean},
  doi           = {10.1063/1.1704292},
  fjournal      = {Journal of Mathematical Physics},
  issn          = {0022-2488},
  journal       = {J. Mathematical Phys.},
  mrclass       = {22.60 (53.90)},
  mrnumber      = {173726},
  mrreviewer    = {J. Dieudonn\'{e}},
  pages         = {440--449},
  title         = {Statistical ensembles of complex, quaternion, and real matrices},
  url           = {https://doi.org/10.1063/1.1704292},
  volume        = {6},
  year          = {1965}
}
