@book{girko:88:spektral-naya-teoriya-sluchaui,
 author = {Girko, G. L.},
 isbn = {5-02-013749-9},
 mrclass = {60F99 (15A52 47A10 60B99 62H10)},
 mrnumber = {955497},
 pages = {376},
 publisher = {``Nauka'', Moscow},
 series = {\cyr Teoriya Veroyatnosteu{i} i Matematicheskaya Statistika. [Probability Theory and Mathematical Statistics]},
 title = {{\cyr Spektral{\cprime}naya teoriya sluchau{i}} {\cyr nykh matrits}},
 year = {1988}
}
