@article{girko:80:normalized,
  author        = {G\={i}rko, V. L.},
  fjournal      = {Teoriya Veroyatnosteu{i} i Matematicheskaya Statistika},
  issn          = {0131-6982},
  journal       = {Teor. Veroyatnost. i Mat. Statist.},
  mrclass       = {60F05 (15A52 60H25)},
  mrnumber      = {568235},
  mrreviewer    = {A. B. Buche},
  pages         = {29--33, 163},
  title         = {Normalized spectral functions of random matrices},
  volume        = {22},
  year          = {1980}
}
