@article{glangetas.merle:94:concentration,
 author = {Glangetas, L. and Merle, F.},
 fjournal = {Communications in Mathematical Physics},
 issn = {0010-3616},
 journal = {Comm. Math. Phys.},
 mrclass = {35Q55 (35B05 76X05)},
 mrnumber = {1262202},
 mrreviewer = {John Albert},
 number = {2},
 pages = {349--389},
 title = {Concentration properties of blow-up solutions and
instability results for {Z}akharov equation in dimension
two. {II}},
 url = {http://projecteuclid.org/euclid.cmp/1104269615},
 volume = {160},
 year = {1994}
}
