@article{glimm.jaffe.ea:75:phase,
 author = {Glimm, James and Jaffe, Arthur and Spencer, Thomas},
 fjournal = {Communications in Mathematical Physics},
 issn = {0010-3616},
 journal = {Comm. Math. Phys.},
 mrclass = {81.47},
 mrnumber = {391797},
 mrreviewer = {H. Araki},
 number = {3},
 pages = {203--216},
 title = {Phase transitions for {$\phi_{2}^{4}$} quantum fields},
 url = {http://projecteuclid.org/euclid.cmp/1103899492},
 volume = {45},
 year = {1975}
}
