@book{glimm.jaffe:81:quantum,
 author = {Glimm, James and Jaffe, Arthur},
 isbn = {0-387-90562-6},
 mrclass = {81-02 (35R15 60K35 81C35 81E10 82-02)},
 mrnumber = {628000},
 mrreviewer = {Paul Federbush},
 note = {A functional integral point of view},
 pages = {xx+417},
 publisher = {Springer-Verlag, New York-Berlin},
 title = {Quantum physics},
 year = {1981}
}
