@article{gloria.otto:11:optimal,
  author        = {Gloria, Antoine and Otto, Felix},
  doi           = {10.1214/10-AOP571},
  fjournal      = {The Annals of Probability},
  issn          = {0091-1798},
  journal       = {Ann. Probab.},
  mrclass       = {35B27 (35A08 39A70 60F99 60H25)},
  mrnumber      = {2789576},
  mrreviewer    = {Mamadou Sango},
  number        = {3},
  pages         = {779--856},
  title         = {An optimal variance estimate in stochastic homogenization of discrete elliptic equations},
  url           = {https://doi.org/10.1214/10-AOP571},
  volume        = {39},
  year          = {2011}
}
