@article{gnann.kuehn.ea:19:towards,
 author = {Gnann, Manuel V. and Kuehn, Christian and Pein, Anne},
 doi = {10.1017/s095679251800061x},
 fjournal = {European Journal of Applied Mathematics},
 issn = {0956-7925},
 journal = {European J. Appl. Math.},
 mrclass = {60H15 (35R60 37H10)},
 mrnumber = {4001564},
 number = {5},
 pages = {1004--1024},
 title = {Towards sample path estimates for fast-slow stochastic partial differential equations},
 url = {https://doi.org/10.1017/s095679251800061x},
 volume = {30},
 year = {2019}
}
