@article{go-dys.peszat:99:law,
  author        = {Go\l dys, Beniamin and Peszat, Szymon},
  doi           = {10.1016/S0167-7152(98)00266-1},
  fjournal      = {Statistics \& Probability Letters},
  issn          = {0167-7152,1879-2103},
  journal       = {Statist. Probab. Lett.},
  mrclass       = {60H10 (60G15 60G30 93E03)},
  mrnumber      = {1708094},
  number        = {3},
  pages         = {265--274},
  title         = {Law equivalence of stochastic linear systems},
  url           = {https://doi.org/10.1016/S0167-7152(98)00266-1},
  volume        = {43},
  year          = {1999}
}
