@book{godsil.royle:01:algebraic,
 author = {Godsil, Chris and Royle, Gordon},
 doi = {10.1007/978-1-4613-0163-9},
 isbn = {0-387-95241-1; 0-387-95220-9},
 mrclass = {05-02 (05C50 05E30)},
 mrnumber = {1829620},
 mrreviewer = {Robin J. Wilson},
 pages = {xx+439},
 publisher = {Springer-Verlag, New York},
 series = {Graduate Texts in Mathematics},
 title = {Algebraic graph theory},
 url = {https://doi.org/10.1007/978-1-4613-0163-9},
 volume = {207},
 year = {2001}
}
