@article{goldman:10:palm,
  author        = {Goldman, Andr\'{e}},
  doi           = {10.1214/09-AAP620},
  fjournal      = {The Annals of Applied Probability},
  issn          = {1050-5164},
  journal       = {Ann. Appl. Probab.},
  mrclass       = {60D05 (60G55 60K35)},
  mrnumber      = {2582643},
  mrreviewer    = {Thierry Edmond Huillet},
  number        = {1},
  pages         = {90--128},
  title         = {The {P}alm measure and the {V}oronoi tessellation for the {G}inibre process},
  url           = {https://doi.org/10.1214/09-AAP620},
  volume        = {20},
  year          = {2010}
}
