@article{goldys.peszat.ea:16:gauss-markov,
  author        = {Goldys, Ben and Peszat, Szymon and Zabczyk, Jerzy},
  doi           = {10.1090/tran/6329},
  fjournal      = {Transactions of the American Mathematical Society},
  issn          = {0002-9947},
  journal       = {Trans. Amer. Math. Soc.},
  mrclass       = {60G15 (60H15 60J99)},
  mrnumber      = {3413857},
  mrreviewer    = {Jingyu Huang},
  number        = {1},
  pages         = {89--108},
  title         = {Gauss-{M}arkov processes on {H}ilbert spaces},
  url           = {https://doi.org/10.1090/tran/6329},
  volume        = {368},
  year          = {2016}
}
