@article{golden:76:shortest-path,
  author        = {Golden, Bruce},
  journal       = {Operations Research},
  number        = {6},
  pages         = {1164--1168},
  publisher     = {INFORMS},
  title         = {Shortest-path algorithms: A comparison},
  volume        = {24},
  year          = {1976}
}
