@article{gomez.lee.ea:13:strong,
  author        = {Gomez, Alejandro and Lee, Kijung and Mueller, Carl and Wei, Ang and Xiong, Jie},
  doi           = {10.1016/j.spl.2013.06.010},
  fjournal      = {Statistics \& Probability Letters},
  issn          = {0167-7152},
  journal       = {Statist. Probab. Lett.},
  mrclass       = {60H15 (35A02 35R60)},
  mrnumber      = {3093800},
  mrreviewer    = {Isamu D\^{o}ku},
  number        = {10},
  pages         = {2186--2190},
  title         = {Strong uniqueness for an {SPDE} via backward doubly stochastic differential equations},
  url           = {https://doi.org/10.1016/j.spl.2013.06.010},
  volume        = {83},
  year          = {2013}
}
