@article{goncalves.jara:14:nonlinear,
 author = {Gon\c{c}alves, Patr\'{i}cia and Jara, Milton},
 doi = {10.1007/s00205-013-0693-x},
 fjournal = {Archive for Rational Mechanics and Analysis},
 issn = {0003-9527},
 journal = {Arch. Ration. Mech. Anal.},
 mrclass = {60K35 (35R60 60H15 60H40 82C22)},
 mrnumber = {3176353},
 mrreviewer = {Mathew Joseph},
 number = {2},
 pages = {597--644},
 title = {Nonlinear fluctuations of weakly asymmetric interacting
particle systems},
 url = {https://doi.org/10.1007/s00205-013-0693-x},
 volume = {212},
 year = {2014}
}
