@incollection{gorenflo.mainardi:01:random,
 author = {Gorenflo, Rudolf and Mainardi, Francesco},
 booktitle = {Problems and methods in mathematical physics ({C}hemnitz,
1999)},
 mrclass = {60J60 (35S10)},
 mrnumber = {1847209},
 pages = {120--145},
 publisher = {Birkh\"{a}user, Basel},
 series = {Oper. Theory Adv. Appl.},
 title = {Random walk models approximating symmetric
space-fractional diffusion processes},
 volume = {121},
 year = {2001}
}
