@article{gorenflo.luchko:97:operational,
  author        = {Gorenflo, Rudolf and Luchko, Yuri},
  doi           = {10.1080/10652469708819125},
  fjournal      = {Integral Transforms and Special Functions. An International Journal},
  issn          = {1065-2469,1476-8291},
  journal       = {Integral Transform. Spec. Funct.},
  mrclass       = {45E10 (44A40)},
  mrnumber      = {1467147},
  number        = {1-2},
  pages         = {47--58},
  title         = {Operational method for solving generalized {A}bel integral equation of second kind},
  url           = {https://doi.org/10.1080/10652469708819125},
  volume        = {5},
  year          = {1997}
}
