@incollection{gorenflo.mainardi:97:fractional,
 author = {Gorenflo, R. and Mainardi, F.},
 booktitle = {Fractals and fractional calculus in continuum mechanics ({U}dine, 1996)},
 mrclass = {26A33 (45E10 45J05)},
 mrnumber = {1611585},
 mrreviewer = {Philip Heywood},
 pages = {223--276},
 publisher = {Springer, Vienna},
 series = {CISM Courses and Lect.},
 title = {Fractional calculus: integral and differential equations of fractional order},
 volume = {378},
 year = {1997}
}
