@incollection{gorenflo.luchko.ea:99:analytical,
 author = {Gorenflo, Rudolf and Luchko, Yuri and Mainardi,
Francesco},
 fjournal = {Fractional Calculus \& Applied Analysis. An International
Journal for Theory and Applications},
 issn = {1311-0454},
 journal = {Fract. Calc. Appl. Anal.},
 mrclass = {33C15 (26A33 33E20)},
 mrnumber = {1752379},
 mrreviewer = {Matti Vuorinen},
 note = {TMSF, AUBG'99, Part A (Blagoevgrad)},
 number = {4},
 pages = {383--414},
 title = {Analytical properties and applications of the {W}right
function},
 volume = {2},
 year = {1999}
}
