@article{gotze.tikhomirov:10:circular,
 author = {G\"{o}tze, Friedrich and Tikhomirov, Alexander},
 doi = {10.1214/09-AOP522},
 fjournal = {The Annals of Probability},
 issn = {0091-1798},
 journal = {Ann. Probab.},
 mrclass = {60B20},
 mrnumber = {2663633},
 mrreviewer = {Sasha Sodin},
 number = {4},
 pages = {1444--1491},
 title = {The circular law for random matrices},
 url = {https://doi.org/10.1214/09-AOP522},
 volume = {38},
 year = {2010}
}
