@article{graczyk.smirnov:09:non-uniform,
  author        = {Graczyk, Jacek and Smirnov, Stanislav},
  doi           = {10.1007/s00222-008-0152-8},
  fjournal      = {Inventiones Mathematicae},
  issn          = {0020-9910,1432-1297},
  journal       = {Invent. Math.},
  mrclass       = {37F10 (37D25 37F35 37F45)},
  mrnumber      = {2470110},
  mrreviewer    = {Henk\ Bruin},
  number        = {2},
  pages         = {335--415},
  title         = {Non-uniform hyperbolicity in complex dynamics},
  url           = {https://doi.org/10.1007/s00222-008-0152-8},
  volume        = {175},
  year          = {2009}
}
