@article{gradinaru.nourdin.ea:05:m-order,
 author = {Gradinaru, Mihai and Nourdin, Ivan and Russo, Francesco and Vallois, Pierre},
 doi = {10.1016/j.anihpb.2004.06.002},
 fjournal = {Annales de l'Institut Henri Poincar\'{e}. Probabilit\'{e}s et Statistiques},
 issn = {0246-0203},
 journal = {Ann. Inst. H. Poincar\'{e} Probab. Statist.},
 mrclass = {60H05 (60G15 60G18)},
 mrnumber = {2144234},
 mrreviewer = {Christian\ Bender},
 number = {4},
 pages = {781--806},
 title = {{$m$}-order integrals and generalized {I}t\^{o}'s formula: the case of a fractional {B}rownian motion with any {H}urst index},
 url = {https://doi.org/10.1016/j.anihpb.2004.06.002},
 volume = {41},
 year = {2005}
}
