@article{gravner.tracy.ea:02:growth,
 author = {Gravner, Janko and Tracy, Craig A. and Widom, Harold},
 doi = {10.1214/aop/1029867130},
 fjournal = {The Annals of Probability},
 issn = {0091-1798},
 journal = {Ann. Probab.},
 mrclass = {60K37 (82B44)},
 mrnumber = {1920110},
 number = {3},
 pages = {1340--1368},
 title = {A growth model in a random environment},
 url = {https://doi.org/10.1214/aop/1029867130},
 volume = {30},
 year = {2002}
}
