@incollection{grimmett.hiemer:02:directed,
 author = {Grimmett, Geoffrey and Hiemer, Philipp},
 booktitle = {In and out of equilibrium ({M}ambucaba, 2000)},
 mrclass = {60K35 (60G50 82B43)},
 mrnumber = {1901958},
 mrreviewer = {Olle H\"{a}ggstr\"{o}m},
 pages = {273--297},
 publisher = {Birkh\"{a}user Boston, Boston, MA},
 series = {Progr. Probab.},
 title = {Directed percolation and random walk},
 volume = {51},
 year = {2002}
}
