@book{grimmett:99:percolation,
  author        = {Grimmett, Geoffrey},
  doi           = {10.1007/978-3-662-03981-6},
  edition       = {Second},
  isbn          = {3-540-64902-6},
  mrclass       = {60K35 (60-02 82B43)},
  mrnumber      = {1707339},
  mrreviewer    = {Neal Madras},
  pages         = {xiv+444},
  publisher     = {Springer-Verlag, Berlin},
  series        = {Grundlehren der mathematischen Wissenschaften [Fundamental Principles of Mathematical Sciences]},
  title         = {Percolation},
  url           = {https://doi.org/10.1007/978-3-662-03981-6},
  volume        = {321},
  year          = {1999}
}
