@article{gripenberg:80:on,
 author = {Gripenberg, Gustaf},
 fjournal = {Funkcialaj Ekvacioj. Serio Internacia},
 issn = {0532-8721},
 journal = {Funkcial. Ekvac.},
 mrclass = {45D05 (45A05)},
 mrnumber = {586277},
 mrreviewer = {G. S. Jordan},
 number = {1},
 pages = {83--95},
 title = {On the resolvents of nonconvolution {V}olterra kernels},
 url = {http://www.math.kobe-u.ac.jp/~fe/xml/mr0586277.xml},
 volume = {23},
 year = {1980}
}
