@book{grisvard:85:elliptic,
  author        = {Grisvard, Pierre},
  isbn          = {0-273-08647-2},
  mrclass       = {35J25 (35-02)},
  mrnumber      = {775683},
  mrreviewer    = {P. Szeptycki},
  pages         = {xiv+410},
  publisher     = {Pitman (Advanced Publishing Program), Boston, MA},
  series        = {Monographs and Studies in Mathematics},
  title         = {Elliptic problems in nonsmooth domains},
  volume        = {24},
  year          = {1985}
}
