@article{groesen.mainardi:89:energy,
 author = {van Groesen, Embrecht and Mainardi, Francesco},
 doi = {10.1016/0165-2125(89)90001-2},
 fjournal = {Wave Motion. An International Journal Reporting Research
on Wave Phenomena},
 issn = {0165-2125},
 journal = {Wave Motion},
 mrclass = {73B99 (73D99)},
 mrnumber = {1002936},
 mrreviewer = {K. S. Harinath},
 number = {3},
 pages = {201--209},
 title = {Energy propagation in dissipative systems. {I}.
{C}entrovelocity for linear systems},
 url = {https://doi.org/10.1016/0165-2125(89)90001-2},
 volume = {11},
 year = {1989}
}
