@article{groesen.mainardi:90:balance,
  author        = {van Groesen, E. and Mainardi, F.},
  doi           = {10.1063/1.528666},
  fjournal      = {Journal of Mathematical Physics},
  issn          = {0022-2488},
  journal       = {J. Math. Phys.},
  mrclass       = {35Q30 (35Q53 73B99 76D05)},
  mrnumber      = {1067829},
  mrreviewer    = {Giovanni P. Galdi},
  number        = {9},
  pages         = {2136--2140},
  title         = {Balance laws and centro velocity in dissipative systems},
  url           = {https://doi.org/10.1063/1.528666},
  volume        = {31},
  year          = {1990}
}
