@article{gross.klebanov:90:one-dimensional,
 author = {Gross, David J. and Klebanov, Igor},
 doi = {10.1016/0550-3213(90)90667-3},
 fjournal = {Nuclear Physics. B. Theoretical, Phenomenological, and Experimental High Energy Physics. Quantum Field Theory and Statistical Systems},
 issn = {0550-3213},
 journal = {Nuclear Phys. B},
 mrclass = {81T30 (81T27 82B20)},
 mrnumber = {1076752},
 number = {3},
 pages = {475--498},
 title = {One-dimensional string theory on a circle},
 url = {https://doi.org/10.1016/0550-3213(90)90667-3},
 volume = {344},
 year = {1990}
}
