@article{grothaus.oliveira.ea:11:self-avoiding,
 author = {Grothaus, Martin and Oliveira, Maria Jo\~{a}o and da
Silva, Jos\'{e} Lu\'{i}s and Streit, Ludwig},
 doi = {10.1007/s10955-011-0344-2},
 fjournal = {Journal of Statistical Physics},
 issn = {0022-4715},
 journal = {J. Stat. Phys.},
 mrclass = {60G22 (60J55)},
 mrnumber = {2863718},
 mrreviewer = {Noemi Kurt},
 number = {6},
 pages = {1513--1523},
 title = {Self-avoiding fractional {B}rownian motion---the {E}dwards
model},
 url = {https://doi.org/10.1007/s10955-011-0344-2},
 volume = {145},
 year = {2011}
}
