@article{gu.bal:12:random,
  author        = {Gu, Yu and Bal, Guillaume},
  doi           = {10.1016/j.jde.2012.05.007},
  fjournal      = {Journal of Differential Equations},
  issn          = {0022-0396},
  journal       = {J. Differential Equations},
  mrclass       = {35B27 (35J25)},
  mrnumber      = {2925905},
  number        = {4},
  pages         = {1069--1087},
  title         = {Random homogenization and convergence to integrals with respect to the {R}osenblatt process},
  url           = {https://doi.org/10.1016/j.jde.2012.05.007},
  volume        = {253},
  year          = {2012}
}
