@article{gu.komorowski:22:gaussian*1,
 author = {Gu, Yu and Komorowski, Tomasz},
 doi = {10.18287/2541-7525-2021-27-2-33-47},
 fjournal = {Electronic Communications in Probability},
 journal = {Electron. Commun. Probab.},
 mrclass = {60H15 (60H07 82D60)},
 mrnumber = {4458031},
 mrreviewer = {Achim Klenke},
 pages = {Paper No. 33, 12},
 title = {Gaussian fluctuations of replica overlap in directed polymers},
 url = {https://doi.org/10.18287/2541-7525-2021-27-2-33-47},
 volume = {27},
 year = {2022}
}
