@article{gu.komorowski:22:high,
  author        = {Gu, Yu and Komorowski, Tomasz},
  doi           = {10.1007/s10955-022-02899-2},
  fjournal      = {Journal of Statistical Physics},
  issn          = {0022-4715},
  journal       = {J. Stat. Phys.},
  mrclass       = {60K35 (60K37 82D60)},
  mrnumber      = {4379456},
  number        = {3},
  pages         = {Paper No. 48, 15},
  title         = {High temperature behaviors of the directed polymer on a cylinder},
  url           = {https://doi.org/10.1007/s10955-022-02899-2},
  volume        = {186},
  year          = {2022}
}
