@article{gu.komorowski:22:another,
 author = {Yu Gu and Tomasz Komorowski},
 journal = {Preprint arXiv:2203.03733},
 month = {March},
 title = {Another look at the Bal\'azs-Quastel-Sepp\"al\"ainen theorem},
 url = {https://www.arxiv.org/abs/2203.03733},
 year = {2022}
}
