@article{gu.komorowski:24:effective,
  author        = {Gu, Yu and Komorowski, Tomasz},
  doi           = {10.1007/s00440-024-01297-x},
  fjournal      = {Probability Theory and Related Fields},
  issn          = {0178-8051,1432-2064},
  journal       = {Probab. Theory Related Fields},
  mrclass       = {60K35 (60K37)},
  mrnumber      = {4811819},
  mrreviewer    = {Irene\ Crimaldi},
  number        = {3-4},
  pages         = {1007--1061},
  title         = {Effective diffusivities in periodic {KPZ}},
  url           = {https://doi.org/10.1007/s00440-024-01297-x},
  volume        = {190},
  year          = {2024}
}
