@article{gu.komorowski:21:high,
 author = {Yu Gu and Tomasz Komorowski},
 journal = {Preprint arXiv:2110.07368},
 month = {October},
 title = {High temperature behaviors of the directed polymer on a cylinder},
 url = {https://www.arxiv.org/abs/2110.07368},
 year = {2021}
}
