@article{gu.mourrat:16:pointwise,
 author = {Gu, Yu and Mourrat, Jean-Christophe},
 doi = {10.1007/s00440-015-0667-z},
 fjournal = {Probability Theory and Related Fields},
 issn = {0178-8051},
 journal = {Probab. Theory Related Fields},
 mrclass = {35B27 (35K15 35R60 60F05 60G44 60K37)},
 mrnumber = {3547747},
 number = {1-2},
 pages = {585--618},
 title = {Pointwise two-scale expansion for parabolic equations with
random coefficients},
 url = {https://doi.org/10.1007/s00440-015-0667-z},
 volume = {166},
 year = {2016}
}
