@article{gu.mourrat:17:on,
  author        = {Gu, Yu and Mourrat, Jean-Christophe},
  doi           = {10.1214/17-EJP51},
  fjournal      = {Electronic Journal of Probability},
  journal       = {Electron. J. Probab.},
  mrclass       = {60G60 (35B27 35R60 60G15)},
  mrnumber      = {3629872},
  pages         = {Paper No. 28, 21},
  title         = {On generalized {G}aussian free fields and stochastic homogenization},
  url           = {https://doi.org/10.1214/17-EJP51},
  volume        = {22},
  year          = {2017}
}
