@article{gu.quastel.ea:21:moments,
  author        = {Gu, Yu and Quastel, Jeremy and Tsai, Li-Cheng},
  doi           = {10.2140/pmp.2021.2.179},
  fjournal      = {Probability and Mathematical Physics},
  issn          = {2690-0998},
  journal       = {Probab. Math. Phys.},
  mrclass       = {60H15 (35R60 46N30 82D60)},
  mrnumber      = {4404819},
  number        = {1},
  pages         = {179--219},
  title         = {Moments of the 2{D} {SHE} at criticality},
  url           = {https://doi.org/10.2140/pmp.2021.2.179},
  volume        = {2},
  year          = {2021}
}
