@article{gu.ryzhik.ea:18:edwards-wilkinson,
  author        = {Gu, Yu and Ryzhik, Lenya and Zeitouni, Ofer},
  doi           = {10.1007/s00220-018-3202-0},
  fjournal      = {Communications in Mathematical Physics},
  issn          = {0010-3616},
  journal       = {Comm. Math. Phys.},
  mrclass       = {60H15},
  mrnumber      = {3851818},
  mrreviewer    = {Hongbo Fu},
  number        = {2},
  pages         = {351--388},
  title         = {The {E}dwards-{W}ilkinson limit of the random heat equation in dimensions three and higher},
  url           = {https://doi.org/10.1007/s00220-018-3202-0},
  volume        = {363},
  year          = {2018}
}
