@article{gubinelli.imkeller.ea:15:paracontrolled,
  author        = {Gubinelli, Massimiliano and Imkeller, Peter and Perkowski, Nicolas},
  doi           = {10.1017/fmp.2015.2},
  fjournal      = {Forum of Mathematics. Pi},
  journal       = {Forum Math. Pi},
  mrclass       = {60H15 (35S50)},
  mrnumber      = {3406823},
  pages         = {e6, 75},
  title         = {Paracontrolled distributions and singular {PDE}s},
  url           = {https://doi.org/10.1017/fmp.2015.2},
  volume        = {3},
  year          = {2015}
}
