@article{gubinelli.hofmanova:21:pde,
  author        = {Gubinelli, Massimiliano and Hofmanov\'{a}, Martina},
  doi           = {10.1007/s00220-021-04022-0},
  fjournal      = {Communications in Mathematical Physics},
  issn          = {0010-3616},
  journal       = {Comm. Math. Phys.},
  mrclass       = {81S20 (35Q40 37D35 37E20 60G60 81T08 81T27 82B31)},
  mrnumber      = {4252872},
  mrreviewer    = {Peter Bernard Weichman},
  number        = {1},
  pages         = {1--75},
  title         = {A {PDE} construction of the {E}uclidean {$\phi_3^4$} quantum field theory},
  url           = {https://doi.org/10.1007/s00220-021-04022-0},
  volume        = {384},
  year          = {2021}
}
