@article{gubinelli.koch.ea:24:paracontrolled,
  author        = {Gubinelli, Massimiliano and Koch, Herbert and Oh, Tadahiro},
  doi           = {10.4171/jems/1294},
  fjournal      = {Journal of the European Mathematical Society (JEMS)},
  issn          = {1435-9855},
  journal       = {J. Eur. Math. Soc. (JEMS)},
  mrclass       = {35L71 (35L81 35R60 60H15)},
  mrnumber      = {4721025},
  mrreviewer    = {Martin Ondrej\'{a}t},
  number        = {3},
  pages         = {817--874},
  title         = {Paracontrolled approach to the three-dimensional stochastic nonlinear wave equation with quadratic nonlinearity},
  url           = {https://doi.org/10.4171/jems/1294},
  volume        = {26},
  year          = {2024}
}
