@article{gubinelli.hofmanova:19:global,
 author = {Gubinelli, Massimiliano and Hofmanov\'{a}, Martina},
 doi = {10.1007/s00220-019-03398-4},
 fjournal = {Communications in Mathematical Physics},
 issn = {0010-3616},
 journal = {Comm. Math. Phys.},
 mrclass = {35Q40 (35J91 35K91 35R60 60H15 60H99 81T17 82C31)},
 mrnumber = {3951704},
 mrreviewer = {Peter Bernard Weichman},
 number = {3},
 pages = {1201--1266},
 title = {Global solutions to elliptic and parabolic {$\Phi^4$} models in {E}uclidean space},
 url = {https://doi.org/10.1007/s00220-019-03398-4},
 volume = {368},
 year = {2019}
}
