@article{gubinelli:04:controlling,
  author        = {Gubinelli, M.},
  doi           = {10.1016/j.jfa.2004.01.002},
  fjournal      = {Journal of Functional Analysis},
  issn          = {0022-1236},
  journal       = {J. Funct. Anal.},
  mrclass       = {60H05 (26A42 60H10)},
  mrnumber      = {2091358},
  mrreviewer    = {Vigirdas Mackevi\v{c}ius},
  number        = {1},
  pages         = {86--140},
  title         = {Controlling rough paths},
  url           = {https://doi.org/10.1016/j.jfa.2004.01.002},
  volume        = {216},
  year          = {2004}
}
