@article{guerngar.nane:20:moment,
 author = {Guerngar, Ngartelbaye and Nane, Erkan},
 doi = {10.1016/j.spa.2020.05.009},
 fjournal = {Stochastic Processes and their Applications},
 issn = {0304-4149},
 journal = {Stochastic Process. Appl.},
 mrclass = {60H15 (35R11 35R60)},
 mrnumber = {4140033},
 number = {10},
 pages = {6246--6270},
 title = {Moment bounds of a class of stochastic heat equations driven by space-time colored noise in bounded domains},
 url = {https://doi.org/10.1016/j.spa.2020.05.009},
 volume = {130},
 year = {2020}
}
