@article{guerngar.nane.ea:23:uniqueness,
 author = {Guerngar, Ngartelbaye and Nane, Erkan and Ulusoy, Suleyman and van Wyk, Hans Werner},
 doi = {10.7153/fdc-2023-13-04},
 fjournal = {Fractional Differential Calculus},
 journal = {Fract. Differ. Calc.},
 mrclass = {35R11 (26A33)},
 mrnumber = {4617736},
 number = {1},
 pages = {87--104},
 title = {A uniqueness determination of the fractional exponents in a three-parameter fractional diffusion},
 url = {https://doi.org/10.7153/fdc-2023-13-04},
 volume = {13},
 year = {2023}
}
