@incollection{guhr:11:supersymmetry,
 author = {Guhr, Thomas},
 booktitle = {The {O}xford handbook of random matrix theory},
 mrclass = {81Txx (15B52 60B20)},
 mrnumber = {2932627},
 pages = {135--154},
 publisher = {Oxford Univ. Press, Oxford},
 title = {Supersymmetry},
 year = {2011}
}
