@article{guionnet.wood.ea:14:convergence,
 author = {Guionnet, Alice and Wood, Philip Matchett and Zeitouni, Ofer},
 doi = {10.1090/S0002-9939-2013-11761-2},
 fjournal = {Proceedings of the American Mathematical Society},
 issn = {0002-9939,1088-6826},
 journal = {Proc. Amer. Math. Soc.},
 mrclass = {60B20 (46L53)},
 mrnumber = {3134007},
 mrreviewer = {Zakhar\ Kabluchko},
 number = {2},
 pages = {667--679},
 title = {Convergence of the spectral measure of non-normal matrices},
 url = {https://doi.org/10.1090/S0002-9939-2013-11761-2},
 volume = {142},
 year = {2014}
}
