@article{guo.li.ea:19:energy,
 author = {Guo, Li and Li, Xingjie Helen and Yang, Yang},
 doi = {10.1007/s10915-018-0813-8},
 fjournal = {Journal of Scientific Computing},
 issn = {0885-7474},
 journal = {J. Sci. Comput.},
 mrclass = {65M60 (92C17)},
 mrnumber = {3934671},
 mrreviewer = {Sebastian Franz},
 number = {3},
 pages = {1387--1404},
 title = {Energy dissipative local discontinuous {G}alerkin methods
for {K}eller-{S}egel chemotaxis model},
 url = {https://doi.org/10.1007/s10915-018-0813-8},
 volume = {78},
 year = {2019}
}
