@article{gurusamy.balachandran:18:finite,
 author = {Gurusamy, A. and Balachandran, K.},
 doi = {10.1007/s40435-017-0335-5},
 fjournal = {International Journal of Dynamics and Control},
 issn = {2195-268X},
 journal = {Int. J. Dyn. Control},
 mrclass = {65M60 (92C17)},
 mrnumber = {3801002},
 number = {2},
 pages = {539--549},
 title = {Finite element method for solving {K}eller-{S}egel
chemotaxis system with cross-diffusion},
 url = {https://doi.org/10.1007/s40435-017-0335-5},
 volume = {6},
 year = {2018}
}
