@article{gwynne.holden.ea:20:liouville,
  author        = {Gwynne, Ewain and Holden, Nina and Pfeffer, Joshua and Remy, Guillaume},
  doi           = {10.1007/s00220-019-03663-6},
  fjournal      = {Communications in Mathematical Physics},
  issn          = {0010-3616},
  journal       = {Comm. Math. Phys.},
  mrclass       = {83C45 (28A78 52C20 60G15 60G60 81T40 82B41)},
  mrnumber      = {4103975},
  mrreviewer    = {Yu. N. Obukhov},
  number        = {2},
  pages         = {1573--1625},
  title         = {Liouville quantum gravity with matter central charge in (1, 25): a probabilistic approach},
  url           = {https://doi.org/10.1007/s00220-019-03663-6},
  volume        = {376},
  year          = {2020}
}
