@article{gwynne.pfeffer.ea:23:loewner,
 author = {Gwynne, Ewain and Pfeffer, Joshua and Park, Minjae},
 doi = {10.1214/23-aop1639},
 fjournal = {The Annals of Probability},
 issn = {0091-1798},
 journal = {Ann. Probab.},
 mrclass = {60J67 (30C20 30C80)},
 mrnumber = {4666291},
 number = {6},
 pages = {2086--2130},
 title = {Loewner evolution driven by complex {B}rownian motion},
 url = {https://doi.org/10.1214/23-aop1639},
 volume = {51},
 year = {2023}
}
