@article{gyongy.nualart:95:implicit,
 author = {Gy\"{o}ngy, Istv\'{a}n and Nualart, David},
 doi = {10.1016/0304-4149(95)00010-5},
 fjournal = {Stochastic Processes and their Applications},
 issn = {0304-4149},
 journal = {Stochastic Process. Appl.},
 mrclass = {65M12 (35R60 60H15 65U05)},
 mrnumber = {1341554},
 number = {1},
 pages = {57--72},
 title = {Implicit scheme for quasi-linear parabolic partial differential equations perturbed by space-time white noise},
 url = {https://doi.org/10.1016/0304-4149(95)00010-5},
 volume = {58},
 year = {1995}
}
