@article{gyongy.nualart:99:on,
 author = {Gy\"{o}ngy, Istv\'{a}n and Nualart, David},
 doi = {10.1214/aop/1022677386},
 fjournal = {The Annals of Probability},
 issn = {0091-1798},
 journal = {Ann. Probab.},
 mrclass = {60H15},
 mrnumber = {1698967},
 mrreviewer = {Fred Espen Benth},
 number = {2},
 pages = {782--802},
 title = {On the stochastic {B}urgers' equation in the real line},
 url = {https://doi.org/10.1214/aop/1022677386},
 volume = {27},
 year = {1999}
}
