@article{hairer.maas.ea:14:approximating,
  author        = {Hairer, Martin and Maas, Jan and Weber, Hendrik},
  doi           = {10.1002/cpa.21495},
  fjournal      = {Communications on Pure and Applied Mathematics},
  issn          = {0010-3640},
  journal       = {Comm. Pure Appl. Math.},
  mrclass       = {60H15 (35R60 65C30)},
  mrnumber      = {3179667},
  mrreviewer    = {Antoine J. Lejay},
  number        = {5},
  pages         = {776--870},
  title         = {Approximating rough stochastic {PDE}s},
  url           = {https://doi.org/10.1002/cpa.21495},
  volume        = {67},
  year          = {2014}
}
