@article{hairer:12:singular,
  author        = {Hairer, Martin},
  doi           = {10.1007/s00440-010-0322-7},
  fjournal      = {Probability Theory and Related Fields},
  issn          = {0178-8051},
  journal       = {Probab. Theory Related Fields},
  mrclass       = {60H15 (60H30)},
  mrnumber      = {2875759},
  mrreviewer    = {Igor Cialenco},
  number        = {1-2},
  pages         = {265--297},
  title         = {Singular perturbations to semilinear stochastic heat equations},
  url           = {https://doi.org/10.1007/s00440-010-0322-7},
  volume        = {152},
  year          = {2012}
}
