@article{hairer.pavliotis:08:from,
 author = {Hairer, M. and Pavliotis, G. A.},
 doi = {10.1007/s10955-008-9493-3},
 fjournal = {Journal of Statistical Physics},
 issn = {0022-4715},
 journal = {J. Stat. Phys.},
 mrclass = {82C31 (37H10 60H10 82C80)},
 mrnumber = {2394704},
 mrreviewer = {Kiyomasa Narita},
 number = {1},
 pages = {175--202},
 title = {From ballistic to diffusive behavior in periodic
potentials},
 url = {https://doi.org/10.1007/s10955-008-9493-3},
 volume = {131},
 year = {2008}
}
