@incollection{hairer:14:solving,
  author        = {Hairer, M.},
  booktitle     = {X{VII}th {I}nternational {C}ongress on {M}athematical {P}hysics},
  mrclass       = {60H15},
  mrnumber      = {3204494},
  pages         = {419},
  publisher     = {World Sci. Publ., Hackensack, NJ},
  title         = {Solving the {KPZ} equation},
  year          = {2014}
}
