@article{hairer.schonbauer:22:support,
  author        = {Hairer, Martin and Sch\"{o}nbauer, Philipp},
  doi           = {10.1017/fmp.2021.18},
  fjournal      = {Forum of Mathematics. Pi},
  journal       = {Forum Math. Pi},
  mrclass       = {60H15 (35R60)},
  mrnumber      = {4370580},
  pages         = {Paper No. e1, 127},
  title         = {The support of singular stochastic partial differential equations},
  url           = {https://doi.org/10.1017/fmp.2021.18},
  volume        = {10},
  year          = {2022}
}
