@incollection{hairer:16:regularity,
 author = {Hairer, Martin},
 booktitle = {Current developments in mathematics 2014},
 mrclass = {60H15 (35R60)},
 mrnumber = {3468250},
 mrreviewer = {Peter Karl Friz},
 pages = {1--49},
 publisher = {Int. Press, Somerville, MA},
 title = {Regularity structures and the dynamical {$\Phi^4_3$} model},
 year = {2016}
}
