@article{hairer.voss:11:approximations,
  author        = {Hairer, Martin and Voss, Jochen},
  doi           = {10.1007/s00332-011-9104-3},
  fjournal      = {Journal of Nonlinear Science},
  issn          = {0938-8974},
  journal       = {J. Nonlinear Sci.},
  mrclass       = {60H35 (60H15 65C30)},
  mrnumber      = {2860933},
  mrreviewer    = {Jan I. Seidler},
  number        = {6},
  pages         = {897--920},
  title         = {Approximations to the stochastic {B}urgers equation},
  url           = {https://doi.org/10.1007/s00332-011-9104-3},
  volume        = {21},
  year          = {2011}
}
