@article{hairer.labbe:15:simple,
 author = {Hairer, Martin and Labb\'{e}, Cyril},
 doi = {10.1214/ECP.v20-4038},
 fjournal = {Electronic Communications in Probability},
 journal = {Electron. Commun. Probab.},
 mrclass = {60H15},
 mrnumber = {3358965},
 mrreviewer = {Jan I. Seidler},
 pages = {no. 43, 11},
 title = {A simple construction of the continuum parabolic {A}nderson model on {${\bf R}^2$}},
 url = {https://doi.org/10.1214/ECP.v20-4038},
 volume = {20},
 year = {2015}
}
