@article{hairer.maas:12:spatial,
 author = {Hairer, Martin and Maas, Jan},
 doi = {10.1214/11-AOP662},
 fjournal = {The Annals of Probability},
 issn = {0091-1798},
 journal = {Ann. Probab.},
 mrclass = {60H15 (35K55 35Q53 35R60 60H30 60H35)},
 mrnumber = {2978135},
 mrreviewer = {Jorge A. Le\'{o}n},
 number = {4},
 pages = {1675--1714},
 title = {A spatial version of the {I}t\^{o}-{S}tratonovich correction},
 url = {https://doi.org/10.1214/11-AOP662},
 volume = {40},
 year = {2012}
}
