@article{hairer.matetski:18:discretisations*1,
 author = {Hairer, M. and Matetski, K.},
 doi = {10.1214/17-AOP1212},
 fjournal = {The Annals of Probability},
 issn = {0091-1798},
 journal = {Ann. Probab.},
 mrclass = {60H15 (35R60 65M75)},
 mrnumber = {3785597},
 mrreviewer = {Le Chen},
 number = {3},
 pages = {1651--1709},
 title = {Discretisations of rough stochastic {PDE}s},
 url = {https://doi.org/10.1214/17-AOP1212},
 volume = {46},
 year = {2018}
}
