@article{hairer.hutzenthaler.ea:15:loss,
  author        = {Hairer, Martin and Hutzenthaler, Martin and Jentzen, Arnulf},
  doi           = {10.1214/13-AOP838},
  fjournal      = {The Annals of Probability},
  issn          = {0091-1798},
  journal       = {Ann. Probab.},
  mrclass       = {35K15 (35B65)},
  mrnumber      = {3305998},
  number        = {2},
  pages         = {468--527},
  title         = {Loss of regularity for {K}olmogorov equations},
  url           = {https://doi.org/10.1214/13-AOP838},
  volume        = {43},
  year          = {2015}
}
