@article{hairer.stuart.ea:05:analysis,
 author = {Hairer, M. and Stuart, A. M. and Voss, J. and Wiberg, P.},
 fjournal = {Communications in Mathematical Sciences},
 issn = {1539-6746},
 journal = {Commun. Math. Sci.},
 mrclass = {60H15 (60G15 60G35 60H10)},
 mrnumber = {2188686},
 mrreviewer = {Krystyna Twardowska},
 number = {4},
 pages = {587--603},
 title = {Analysis of {SPDE}s arising in path sampling. {I}. {T}he
{G}aussian case},
 url = {http://projecteuclid.org/euclid.cms/1144429334},
 volume = {3},
 year = {2005}
}
