@article{hairer.ryser.ea:12:triviality,
 author = {Hairer, Martin and Ryser, Marc D. and Weber, Hendrik},
 doi = {10.1214/EJP.v17-1731},
 fjournal = {Electronic Journal of Probability},
 journal = {Electron. J. Probab.},
 mrclass = {60H15},
 mrnumber = {2928722},
 mrreviewer = {Sergey V. Lototsky},
 pages = {no. 39, 14},
 title = {Triviality of the 2{D} stochastic {A}llen-{C}ahn
equation},
 url = {https://doi.org/10.1214/EJP.v17-1731},
 volume = {17},
 year = {2012}
}
