@article{hairer.weare:14:improved,
 author = {Hairer, Martin and Weare, Jonathan},
 doi = {10.1002/cpa.21526},
 fjournal = {Communications on Pure and Applied Mathematics},
 issn = {0010-3640},
 journal = {Comm. Pure Appl. Math.},
 mrclass = {65C05 (60H35 62M20)},
 mrnumber = {3272366},
 mrreviewer = {Charles-Edouard Br\'{e}hier},
 number = {12},
 pages = {1995--2021},
 title = {Improved diffusion {M}onte {C}arlo},
 url = {https://doi.org/10.1002/cpa.21526},
 volume = {67},
 year = {2014}
}
