@inproceedings{hairer:14:singular,
 author = {Hairer, Martin},
 booktitle = {Proceedings of the {I}nternational {C}ongress of
{M}athematicians---{S}eoul 2014. {V}ol. {IV}},
 mrclass = {60H15 (81S20 82C28)},
 mrnumber = {3727602},
 pages = {49--73},
 publisher = {Kyung Moon Sa, Seoul},
 title = {Singular stochastic {PDE}s},
 year = {2014}
}
