@article{hairer.kelly:12:stochastic,
 author = {Hairer, Martin and Kelly, David},
 doi = {10.1214/EJP.v17-1807},
 fjournal = {Electronic Journal of Probability},
 journal = {Electron. J. Probab.},
 mrclass = {60H15 (35B27)},
 mrnumber = {2955044},
 mrreviewer = {Mamadou Sango},
 pages = {no. 52, 38},
 title = {Stochastic {PDE}s with multiscale structure},
 url = {https://doi.org/10.1214/EJP.v17-1807},
 volume = {17},
 year = {2012}
}
