@article{hairer.pardoux:15:wong-zakai,
  author        = {Hairer, Martin and Pardoux, \'{E}tienne},
  doi           = {10.2969/jmsj/06741551},
  fjournal      = {Journal of the Mathematical Society of Japan},
  issn          = {0025-5645},
  journal       = {J. Math. Soc. Japan},
  mrclass       = {60H15 (60H05)},
  mrnumber      = {3417505},
  mrreviewer    = {Llu\'{i}s Quer-Sardanyons},
  number        = {4},
  pages         = {1551--1604},
  title         = {A {W}ong-{Z}akai theorem for stochastic {PDE}s},
  url           = {https://doi.org/10.2969/jmsj/06741551},
  volume        = {67},
  year          = {2015}
}
