@incollection{hairer:09:ergodic,
  author        = {Hairer, Martin},
  booktitle     = {Trends in stochastic analysis},
  mrclass       = {60G10 (46N30 47D07 60B11 60H99 60J25)},
  mrnumber      = {2562151},
  mrreviewer    = {Wojciech Bartoszek},
  pages         = {65--98},
  publisher     = {Cambridge Univ. Press, Cambridge},
  series        = {London Math. Soc. Lecture Note Ser.},
  title         = {Ergodic properties of a class of non-{M}arkovian processes},
  volume        = {353},
  year          = {2009}
}
