@article{hairer.shen:16:dynamical,
 author = {Hairer, Martin and Shen, Hao},
 doi = {10.1007/s00220-015-2525-3},
 fjournal = {Communications in Mathematical Physics},
 issn = {0010-3616},
 journal = {Comm. Math. Phys.},
 mrclass = {60H15 (35K58 35R60 37H10)},
 mrnumber = {3452276},
 mrreviewer = {Dirk Bl\"{o}mker},
 number = {3},
 pages = {933--989},
 title = {The dynamical sine-{G}ordon model},
 url = {https://doi.org/10.1007/s00220-015-2525-3},
 volume = {341},
 year = {2016}
}
