@article{hairer.mattingly:04:ergodic,
 author = {Hairer, Martin and Mattingly, Jonathan C.},
 doi = {10.1016/j.crma.2004.09.035},
 fjournal = {Comptes Rendus Math\'{e}matique. Acad\'{e}mie des
Sciences. Paris},
 issn = {1631-073X},
 journal = {C. R. Math. Acad. Sci. Paris},
 mrclass = {76D05 (35Q30 37L55 60H15 76M35)},
 mrnumber = {2111726},
 mrreviewer = {Bohdan Maslowski},
 number = {12},
 pages = {879--882},
 title = {Ergodic properties of highly degenerate 2{D} stochastic
{N}avier-{S}tokes equations},
 url = {https://doi.org/10.1016/j.crma.2004.09.035},
 volume = {339},
 year = {2004}
}
