@article{hairer.pillai:13:regularity,
 author = {Hairer, Martin and Pillai, Natesh S.},
 doi = {10.1214/12-AOP777},
 fjournal = {The Annals of Probability},
 issn = {0091-1798},
 journal = {Ann. Probab.},
 mrclass = {60H10 (26A33 60G10 60G22 60H07)},
 mrnumber = {3112925},
 mrreviewer = {Keisuke Hara},
 number = {4},
 pages = {2544--2598},
 title = {Regularity of laws and ergodicity of hypoelliptic {SDE}s
driven by rough paths},
 url = {https://doi.org/10.1214/12-AOP777},
 volume = {41},
 year = {2013}
}
