@incollection{hairer:05:coupling,
 author = {Hairer, Martin},
 booktitle = {X{IV}th {I}nternational {C}ongress on {M}athematical {P}hysics},
 mrclass = {60H15 (37A30 37L55 60J25)},
 mrnumber = {2227840},
 mrreviewer = {Bj\"{o}rn Schmalfuss},
 pages = {281--289},
 publisher = {World Sci. Publ., Hackensack, NJ},
 title = {Coupling stochastic {PDE}s},
 year = {2005}
}
