@article{hairer:23:introduction,
 author = {Hairer, Martin},
 fjournal = {European Mathematical Society Magazine},
 issn = {2747-7894},
 journal = {Eur. Math. Soc. Mag.},
 mrclass = {00A17},
 mrnumber = {4655977},
 number = {129},
 pages = {56--57},
 title = {An introduction to singular stochastic {PDE}s:
{A}llen-{C}ahn equations, metastability, and regularity
structures [book review of 4458524]},
 year = {2023}
}
