@article{hairer:11:rough,
 author = {Hairer, M.},
 doi = {10.1002/cpa.20383},
 fjournal = {Communications on Pure and Applied Mathematics},
 issn = {0010-3640},
 journal = {Comm. Pure Appl. Math.},
 mrclass = {60H15 (60G17 60H07)},
 mrnumber = {2832168},
 mrreviewer = {Antoine J. Lejay},
 number = {11},
 pages = {1547--1585},
 title = {Rough stochastic {PDE}s},
 url = {https://doi.org/10.1002/cpa.20383},
 volume = {64},
 year = {2011}
}
