@article{hairer.mattingly.ea:04:malliavin,
 author = {Hairer, Martin and Mattingly, Jonathan C. and Pardoux,
\'{E}tienne},
 doi = {10.1016/j.crma.2004.09.002},
 fjournal = {Comptes Rendus Math\'{e}matique. Acad\'{e}mie des
Sciences. Paris},
 issn = {1631-073X},
 journal = {C. R. Math. Acad. Sci. Paris},
 mrclass = {60H07 (35Q30 35R60 60H15 76D05 76M35)},
 mrnumber = {2110383},
 number = {11},
 pages = {793--796},
 title = {Malliavin calculus for highly degenerate 2{D} stochastic
{N}avier-{S}tokes equations},
 url = {https://doi.org/10.1016/j.crma.2004.09.002},
 volume = {339},
 year = {2004}
}
