@book{hall:88:introduction,
 author = {Hall, Peter},
 doi = {10.1016/0167-0115(88)90159-0},
 isbn = {0-471-85702-5},
 mrclass = {60D05 (60G55 92A07)},
 mrnumber = {973404},
 mrreviewer = {Ulrich Z\"{a}hle},
 pages = {xx+408},
 publisher = {John Wiley \& Sons, Inc., New York},
 series = {Wiley Series in Probability and Mathematical Statistics:
Probability and Mathematical Statistics},
 title = {Introduction to the theory of coverage processes},
 url = {https://doi.org/10.1016/0167-0115(88)90159-0},
 year = {1988}
}
