@book{halmos:51:introduction,
  author        = {Halmos, Paul R.},
  mrclass       = {46.0X},
  mrnumber      = {45309},
  mrreviewer    = {B. Sz.-Nagy},
  pages         = {114},
  publisher     = {Chelsea Publishing Co., New York},
  title         = {Introduction to {H}ilbert {S}pace and the theory of {S}pectral {M}ultiplicity},
  year          = {1951}
}
