@inproceedings{halperin:76:theory,
 author = {Halperin, B. I.},
 booktitle = {Statistical physics ({P}roc. {IUPAP} {I}nternat. {C}onf. {S}tatist. {P}hys., {B}udapest, 1975)},
 mrclass = {82.35},
 mrnumber = {475518},
 pages = {163--181},
 publisher = {North-Holland, Amsterdam-Oxford-New York},
 title = {Theory of dynamic critical properties},
 year = {1976}
}
