@inproceedings{hammersley:72:few,
  author        = {Hammersley, J. M.},
  booktitle     = {Proceedings of the {S}ixth {B}erkeley {S}ymposium on {M}athematical {S}tatistics and {P}robability ({U}niv. {C}alifornia, {B}erkeley, {C}alif., 1970/1971), {V}ol. {I}: {T}heory of statistics},
  mrclass       = {62E20},
  mrnumber      = {405665},
  mrreviewer    = {George Marsaglia},
  pages         = {345--394},
  publisher     = {Univ. California Press, Berkeley, CA},
  title         = {A few seedlings of research},
  year          = {1972}
}
