@article{han.kim.ea:24:on,
  author        = {Beom-Seok Han and Kunwoo Kim and Jaeyun Yi},
  journal       = {Preprint arXiv:2407.06827},
  month         = {July},
  title         = {On the support of solutions to nonlinear stochastic heat equations},
  url           = {http://arXiv.org/abs/2407.06827},
  year          = {2024}
}
