@article{han:24:stochastic,
 author = {Han, Yi},
 doi = {10.1016/j.jfa.2023.110224},
 fjournal = {Journal of Functional Analysis},
 issn = {0022-1236},
 journal = {J. Funct. Anal.},
 mrclass = {60H15 (35L20 35R60)},
 mrnumber = {4666250},
 number = {3},
 pages = {Paper No. 110224, 46},
 title = {Stochastic wave equation with {H}\"{o}lder noise
coefficient: well-posedness and small mass limit},
 url = {https://doi.org/10.1016/j.jfa.2023.110224},
 volume = {286},
 year = {2024}
}
