@article{handcock.stein:93:bayesian,
  author        = {Handcock, Mark S and Stein, Michael L},
  fjournal      = {Technometrics},
  journal       = {Technometrics},
  number        = {4},
  pages         = {403--410},
  publisher     = {Taylor \& Francis},
  title         = {A Bayesian analysis of kriging},
  volume        = {35},
  year          = {1993}
}
