@article{hanyga:07:fractional-order,
 author = {Hanyga, Andrzej},
 doi = {10.1007/s00161-007-0042-0},
 fjournal = {Continuum Mechanics and Thermodynamics},
 issn = {0935-1175,1432-0959},
 journal = {Contin. Mech. Thermodyn.},
 mrclass = {74D10},
 mrnumber = {2317802},
 number = {1-2},
 pages = {25--36},
 title = {Fractional-order relaxation laws in non-linear
viscoelasticity},
 url = {https://doi.org/10.1007/s00161-007-0042-0},
 volume = {19},
 year = {2007}
}
