@article{hanyga:02:multi-dimensional,
 author = {Hanyga, Andrzej},
 doi = {10.1098/rspa.2001.0893},
 fjournal = {The Royal Society of London. Proceedings. Series A. Mathematical, Physical and Engineering Sciences},
 issn = {1364-5021,1471-2946},
 journal = {R. Soc. Lond. Proc. Ser. A Math. Phys. Eng. Sci.},
 mrclass = {60J60 (26A33 60K40)},
 mrnumber = {1889936},
 mrreviewer = {Jose\ Luis\ Menaldi},
 number = {2018},
 pages = {429--450},
 title = {Multi-dimensional solutions of space-time-fractional diffusion equations},
 url = {https://doi.org/10.1098/rspa.2001.0893},
 volume = {458},
 year = {2002}
}
