@article{hanyga:01:multidimensional,
 author = {Hanyga, Andrzej},
 doi = {10.1098/rspa.2001.0849},
 fjournal = {The Royal Society of London. Proceedings. Series A. Mathematical, Physical and Engineering Sciences},
 issn = {1364-5021,1471-2946},
 journal = {R. Soc. Lond. Proc. Ser. A Math. Phys. Eng. Sci.},
 mrclass = {60J60 (35A08 35K57)},
 mrnumber = {1875090},
 number = {2016},
 pages = {2993--3005},
 title = {Multidimensional solutions of space-fractional diffusion equations},
 url = {https://doi.org/10.1098/rspa.2001.0849},
 volume = {457},
 year = {2001}
}
