@book{haraux:81:nonlinear,
  author        = {Haraux, Alain},
  isbn          = {3-540-10563-8},
  mrclass       = {47H15 (34G20 35K22)},
  mrnumber      = {610796},
  mrreviewer    = {Sadakazu Aizawa},
  pages         = {xii+313},
  publisher     = {Springer-Verlag, Berlin-New York},
  series        = {Lecture Notes in Mathematics},
  title         = {Nonlinear evolution equations---global behavior of solutions},
  volume        = {841},
  year          = {1981}
}
