@incollection{hara.slade:00:scaling,
  author        = {Hara, Takashi and Slade, Gordon},
  doi           = {10.1063/1.533186},
  fjournal      = {Journal of Mathematical Physics},
  issn          = {0022-2488},
  journal       = {J. Math. Phys.},
  mrclass       = {82B43 (60K35)},
  mrnumber      = {1757958},
  mrreviewer    = {Remco van der Hofstad},
  note          = {Probabilistic techniques in equilibrium and nonequilibrium statistical physics},
  number        = {3},
  pages         = {1244--1293},
  title         = {The scaling limit of the incipient infinite cluster in high-dimensional percolation. {II}. {I}ntegrated super-{B}rownian excursion},
  url           = {https://doi.org/10.1063/1.533186},
  volume        = {41},
  year          = {2000}
}
