@article{hara.tasaki:87:rigorous,
 author = {Hara, Takashi and Tasaki, Hal},
 doi = {10.1007/BF01009036},
 fjournal = {Journal of Statistical Physics},
 issn = {0022-4715},
 journal = {J. Statist. Phys.},
 mrclass = {82A25 (81E25 82A05)},
 mrnumber = {892925},
 number = {1-2},
 pages = {99--121},
 title = {A rigorous control of logarithmic corrections in four-dimensional {$\phi^4$} spin systems. {II}. {C}ritical behavior of susceptibility and correlation length},
 url = {https://doi.org/10.1007/BF01009036},
 volume = {47},
 year = {1987}
}
