@article{hashira.ishida.ea:18:finite-time,
 author = {Hashira, Takahiro and Ishida, Sachiko and Yokota, Tomomi},
 doi = {10.1016/j.jde.2018.01.038},
 fjournal = {Journal of Differential Equations},
 issn = {0022-0396},
 journal = {J. Differential Equations},
 mrclass = {35K51 (35B44 35K59 35K65 92C17)},
 mrnumber = {3770055},
 number = {10},
 pages = {6459--6485},
 title = {Finite-time blow-up for quasilinear degenerate {K}eller-{S}egel systems of parabolic-parabolic type},
 url = {https://doi.org/10.1016/j.jde.2018.01.038},
 volume = {264},
 year = {2018}
}
