@article{hastie.buja.ea:95:penalized,
 author = {Hastie, Trevor and Buja, Andreas and Tibshirani, Robert},
 doi = {10.1214/aos/1176324456},
 fjournal = {The Annals of Statistics},
 issn = {0090-5364},
 journal = {Ann. Statist.},
 mrclass = {62H30},
 mrnumber = {1331657},
 mrreviewer = {Ra\'{u}l Pedro Mentz},
 number = {1},
 pages = {73--102},
 title = {Penalized discriminant analysis},
 url = {https://doi.org/10.1214/aos/1176324456},
 volume = {23},
 year = {1995}
}
