@article{haubold.mathai.ea:11:mittag-leffler,
  author        = {Haubold, H. J. and Mathai, A. M. and Saxena, R. K.},
  doi           = {10.1155/2011/298628},
  fjournal      = {Journal of Applied Mathematics},
  issn          = {1110-757X},
  journal       = {J. Appl. Math.},
  mrclass       = {33E12 (26A33 33-02 33D15 60G22)},
  mrnumber      = {2800586},
  mrreviewer    = {Rudolf Gorenflo},
  pages         = {Art. ID 298628, 51},
  title         = {Mittag-{L}effler functions and their applications},
  url           = {https://doi.org/10.1155/2011/298628},
  year          = {2011}
}
