@article{hausenblas.seidler:01:note,
  author        = {Hausenblas, Erika and Seidler, Jan},
  doi           = {10.1023/A:1013717013421},
  fjournal      = {Czechoslovak Mathematical Journal},
  issn          = {0011-4642,1572-9141},
  journal       = {Czechoslovak Math. J.},
  mrclass       = {60H05},
  mrnumber      = {1864042},
  mrreviewer    = {Jorge\ A.\ Le\'{o}n},
  number        = {4},
  pages         = {785--790},
  title         = {A note on maximal inequality for stochastic convolutions},
  url           = {https://doi.org/10.1023/A:1013717013421},
  volume        = {51(126)},
  year          = {2001}
}
