@incollection{hawkes:84:some,
  author        = {Hawkes, John},
  booktitle     = {Stochastic analysis and applications ({S}wansea, 1983)},
  doi           = {10.1007/BFb0099126},
  mrclass       = {60J45 (60J30)},
  mrnumber      = {777518},
  mrreviewer    = {Mamoru Kanda},
  pages         = {130--154},
  publisher     = {Springer, Berlin},
  series        = {Lecture Notes in Math.},
  title         = {Some geometric aspects of potential theory},
  url           = {https://doi.org/10.1007/BFb0099126},
  volume        = {1095},
  year          = {1984}
}
