@article{he.kiselev:21:small-scale,
  author        = {He, Siming and Kiselev, Alexander},
  doi           = {10.1215/00127094-2020-0064},
  fjournal      = {Duke Mathematical Journal},
  issn          = {0012-7094},
  journal       = {Duke Math. J.},
  mrclass       = {35Q35 (76U60)},
  mrnumber      = {4255049},
  number        = {5},
  pages         = {1027--1041},
  title         = {Small-scale creation for solutions of the {SQG} equation},
  url           = {https://doi.org/10.1215/00127094-2020-0064},
  volume        = {170},
  year          = {2021}
}
