@article{he:18:suppression,
  author        = {He, Siming},
  doi           = {10.1088/1361-6544/aac1ce},
  fjournal      = {Nonlinearity},
  issn          = {0951-7715},
  journal       = {Nonlinearity},
  mrclass       = {35K45 (35A01 35B44)},
  mrnumber      = {3826109},
  mrreviewer    = {Hongwei Chen},
  number        = {8},
  pages         = {3651--3688},
  title         = {Suppression of blow-up in parabolic-parabolic {P}atlak-{K}eller-{S}egel via strictly monotone shear flows},
  url           = {https://doi.org/10.1088/1361-6544/aac1ce},
  volume        = {31},
  year          = {2018}
}
