@inproceedings{helgason:66:duality,
 author = {Helgason, Sigur\dj ur},
 booktitle = {Proc. {U}.{S}.-{J}apan {S}eminar in {D}ifferential {G}eometry ({K}yoto, 1965)},
 mrclass = {53.90},
 mrnumber = {229191},
 mrreviewer = {J. A. Wolf},
 pages = {37--56},
 publisher = {Nippon Hyoronsha Co., Ltd., Tokyo},
 title = {A duality in integral geometry on symmetric spaces},
 year = {1966}
}
