@article{henderson.rajeev:98:renormalized,
  author        = {Henderson, R. J. and Rajeev, S. G.},
  doi           = {10.1063/1.532350},
  fjournal      = {Journal of Mathematical Physics},
  issn          = {0022-2488},
  journal       = {J. Math. Phys.},
  mrclass       = {81T15},
  mrnumber      = {1600356},
  number        = {2},
  pages         = {749--759},
  title         = {Renormalized contact potential in two dimensions},
  url           = {https://doi.org/10.1063/1.532350},
  volume        = {39},
  year          = {1998}
}
