@book{henry:81:geometric,
  author        = {Henry, Daniel},
  isbn          = {3-540-10557-3},
  mrclass       = {35K55 (34G20 58D25)},
  mrnumber      = {610244},
  mrreviewer    = {J. A. Goldstein},
  pages         = {iv+348},
  publisher     = {Springer-Verlag, Berlin-New York},
  series        = {Lecture Notes in Mathematics},
  title         = {Geometric theory of semilinear parabolic equations},
  volume        = {840},
  year          = {1981}
}
