@incollection{herbin.xiao:19:sample,
  author        = {Herbin, Erick and Xiao, Yimin},
  booktitle     = {New trends in applied harmonic analysis. {V}ol. 2---harmonic analysis, geometric measure theory, and applications},
  doi           = {10.1007/978-3-030-32353-0\_10},
  isbn          = {978-3-030-32352-3; 978-3-030-32353-0},
  mrclass       = {60G17 (28A78 28A80 60G22)},
  mrnumber      = {4311202},
  pages         = {293--316},
  publisher     = {Birkh\"{a}user/Springer, Cham},
  series        = {Appl. Numer. Harmon. Anal.},
  title         = {Sample paths properties of the set-indexed fractional {B}rownian motion},
  url           = {https://doi.org/10.1007/978-3-030-32353-0_10},
  year          = {[2019] \copyright 2019}
}
