@book{herrmann.imkeller.ea:14:stochastic,
  author        = {Herrmann, Samuel and Imkeller, Peter and Pavlyukevich, Ilya and Peithmann, Dierk},
  doi           = {10.1090/surv/194},
  isbn          = {978-1-4704-1049-0},
  mrclass       = {60-02 (34F15 37H10 60F10 60H10 60J60 60J70 65C50)},
  mrnumber      = {3155413},
  mrreviewer    = {Dirk Bl\"{o}mker},
  note          = {A mathematical approach in the small noise limit},
  pages         = {xvi+189},
  publisher     = {American Mathematical Society, Providence, RI},
  series        = {Mathematical Surveys and Monographs},
  title         = {Stochastic resonance},
  url           = {https://doi.org/10.1090/surv/194},
  volume        = {194},
  year          = {2014}
}
