@article{herrero.velazquez:92:approaching,
 author = {Herrero, M. A. and Vel\'{a}zquez, J. J. L.},
 doi = {10.1016/0022-247X(92)90024-8},
 fjournal = {Journal of Mathematical Analysis and Applications},
 issn = {0022-247X},
 journal = {J. Math. Anal. Appl.},
 mrclass = {35B40 (35K15)},
 mrnumber = {1188559},
 mrreviewer = {Song Mu Zheng},
 number = {2},
 pages = {353--381},
 title = {Approaching an extinction point in one-dimensional
semilinear heat equations with strong absorption},
 url = {https://doi.org/10.1016/0022-247X(92)90024-8},
 volume = {170},
 year = {1992}
}
