@article{herrero.velazquez:96:singularity*1,
 author = {Herrero, Miguel A. and Vel\'{a}zquez, Juan J. L.},
 doi = {10.1017/S0956792500002266},
 fjournal = {European Journal of Applied Mathematics},
 issn = {0956-7925},
 journal = {European J. Appl. Math.},
 mrclass = {80A22},
 mrnumber = {1388108},
 mrreviewer = {Vadim S. Nustrov},
 number = {2},
 pages = {119--150},
 title = {Singularity formation in the one-dimensional supercooled
{S}tefan problem},
 url = {https://doi.org/10.1017/S0956792500002266},
 volume = {7},
 year = {1996}
}
