@article{herrero.velazquez:97:blow-up,
  author        = {Herrero, Miguel A. and Vel\'{a}zquez, Juan J. L.},
  fjournal      = {Annali della Scuola Normale Superiore di Pisa. Classe di Scienze. Serie IV},
  issn          = {0391-173X},
  journal       = {Ann. Scuola Norm. Sup. Pisa Cl. Sci. (4)},
  mrclass       = {92C15 (35K60 35Q80 92D50)},
  mrnumber      = {1627338},
  mrreviewer    = {Yoram Schiffmann},
  number        = {4},
  pages         = {633--683 (1998)},
  title         = {A blow-up mechanism for a chemotaxis model},
  url           = {http://www.numdam.org/item?id=ASNSP\_1997\_4\_24\_4\_633\_0},
  volume        = {24},
  year          = {1997}
}
