@article{herrero.velazquez:94:explosion,
 author = {Herrero, Miguel A. and Vel\'{a}zquez, Juan J. L.},
 fjournal = {Comptes Rendus de l'Acad\'{e}mie des Sciences. S\'{e}rie
I. Math\'{e}matique},
 issn = {0764-4442},
 journal = {C. R. Acad. Sci. Paris S\'{e}r. I Math.},
 mrclass = {35B40 (35K57)},
 mrnumber = {1288393},
 mrreviewer = {Sergey A. Vakulenko},
 number = {2},
 pages = {141--145},
 title = {Explosion de solutions d'\'{e}quations paraboliques
semilin\'{e}aires supercritiques},
 volume = {319},
 year = {1994}
}
