@article{herzog.mattingly:15:practical,
  author        = {Herzog, David P. and Mattingly, Jonathan C.},
  doi           = {10.1088/0951-7715/28/8/2823},
  fjournal      = {Nonlinearity},
  issn          = {0951-7715,1361-6544},
  journal       = {Nonlinearity},
  mrclass       = {60H10 (60H07 93B27)},
  mrnumber      = {3382587},
  mrreviewer    = {Tomoyuki\ Ichiba},
  number        = {8},
  pages         = {2823--2845},
  title         = {A practical criterion for positivity of transition densities},
  url           = {https://doi.org/10.1088/0951-7715/28/8/2823},
  volume        = {28},
  year          = {2015}
}
