@article{herzog.mattingly:15:noise-induced*1,
 author = {Herzog, David P. and Mattingly, Jonathan C.},
 doi = {10.1214/ejp.v20-4048},
 fjournal = {Electronic Journal of Probability},
 issn = {1083-6489},
 journal = {Electron. J. Probab.},
 mrclass = {37B25 (37A25 37A30 37H10 60H10 93E15)},
 mrnumber = {3418545},
 mrreviewer = {Henri\ Schurz},
 pages = {no. 113, 37},
 title = {Noise-induced stabilization of planar flows {II}},
 url = {https://doi.org/10.1214/ejp.v20-4048},
 volume = {20},
 year = {2015}
}
