@article{hesse.neamtu:19:local,
 author = {Hesse, Robert and Neam\c{t}u, Alexandra},
 doi = {10.1016/j.jde.2019.06.026},
 fjournal = {Journal of Differential Equations},
 issn = {0022-0396,1090-2732},
 journal = {J. Differential Equations},
 mrclass = {60H15 (60G22 60H05 60L20)},
 mrnumber = {4001062},
 mrreviewer = {Le\ Chen},
 number = {11},
 pages = {6480--6538},
 title = {Local mild solutions for rough stochastic partial
differential equations},
 url = {https://doi.org/10.1016/j.jde.2019.06.026},
 volume = {267},
 year = {2019}
}
