@article{hetzer.shen:02:uniform,
  author        = {Hetzer, Georg and Shen, Wenxian},
  doi           = {10.1137/S0036141001390695},
  fjournal      = {SIAM Journal on Mathematical Analysis},
  issn          = {0036-1410,1095-7154},
  journal       = {SIAM J. Math. Anal.},
  mrclass       = {37N25 (35B15 35B40 35K57 37L05 92D25)},
  mrnumber      = {1950832},
  mrreviewer    = {Michael\ Grinfeld},
  number        = {1},
  pages         = {204--227},
  title         = {Uniform persistence, coexistence, and extinction in almost periodic/nonautonomous competition diffusion systems},
  url           = {https://doi.org/10.1137/S0036141001390695},
  volume        = {34},
  year          = {2002}
}
