@article{hetzer.nguyen.ea:12:coexistence,
 author = {Hetzer, Georg and Nguyen, Tung and Shen, Wenxian},
 doi = {10.3934/cpaa.2012.11.1699},
 fjournal = {Communications on Pure and Applied Analysis},
 issn = {1534-0392,1553-5258},
 journal = {Commun. Pure Appl. Anal.},
 mrclass = {92D25 (35R09)},
 mrnumber = {2911107},
 number = {5},
 pages = {1699--1722},
 title = {Coexistence and extinction in the {V}olterra-{L}otka competition model with nonlocal dispersal},
 url = {https://doi.org/10.3934/cpaa.2012.11.1699},
 volume = {11},
 year = {2012}
}
