@article{hetzer.nguyen.ea:10:a-stability,
 author = {Hetzer, Georg and Nguyen, Tung and Shen, Wenxian},
 doi = {10.1007/s10884-010-9187-9},
 fjournal = {Journal of Dynamics and Differential Equations},
 issn = {1040-7294,1572-9222},
 journal = {J. Dynam. Differential Equations},
 mrclass = {37L30 (35B41 35K51 37C20 37D15 37L05)},
 mrnumber = {2719920},
 mrreviewer = {Haiyang\ Huang},
 number = {3},
 pages = {533--561},
 title = {{$\scr A$}-stability of global attractors of competition
diffusion systems},
 url = {https://doi.org/10.1007/s10884-010-9187-9},
 volume = {22},
 year = {2010}
}
