@article{hetzer.madzvamuse.ea:12:characterization,
 author = {Hetzer, Georg and Madzvamuse, Anotida and Shen, Wenxian},
 doi = {10.3934/dcds.2012.32.3975},
 fjournal = {Discrete and Continuous Dynamical Systems. Series A},
 issn = {1078-0947,1553-5231},
 journal = {Discrete Contin. Dyn. Syst.},
 mrclass = {35K57 (35A01 35A02 37L30)},
 mrnumber = {2945815},
 mrreviewer = {Hiroki\ Hoshino},
 number = {11},
 pages = {3975--4000},
 title = {Characterization of {T}uring diffusion-driven instability
on evolving domains},
 url = {https://doi.org/10.3934/dcds.2012.32.3975},
 volume = {32},
 year = {2012}
}
