@article{hillen.painter:01:global,
  author        = {Hillen, T. and Painter, K.},
  doi           = {10.1006/aama.2001.0721},
  fjournal      = {Advances in Applied Mathematics},
  issn          = {0196-8858},
  journal       = {Adv. in Appl. Math.},
  mrclass       = {92C17 (35A05 35K57 35Q80)},
  mrnumber      = {1826309},
  number        = {4},
  pages         = {280--301},
  title         = {Global existence for a parabolic chemotaxis model with prevention of overcrowding},
  url           = {https://doi.org/10.1006/aama.2001.0721},
  volume        = {26},
  year          = {2001}
}
