@article{hillen.painter.ea:07:global,
  author        = {Hillen, T. and Painter, K. and Schmeiser, C.},
  doi           = {10.3934/dcdsb.2007.7.125},
  fjournal      = {Discrete and Continuous Dynamical Systems. Series B. A Journal Bridging Mathematics and Sciences},
  issn          = {1531-3492},
  journal       = {Discrete Contin. Dyn. Syst. Ser. B},
  mrclass       = {92C17 (35K57)},
  mrnumber      = {2257455},
  number        = {1},
  pages         = {125--144},
  title         = {Global existence for chemotaxis with finite sampling radius},
  url           = {https://doi.org/10.3934/dcdsb.2007.7.125},
  volume        = {7},
  year          = {2007}
}
