@article{hillen.potapov:04:one-dimensional,
 author = {Hillen, Thomas and Potapov, Alex},
 doi = {10.1002/mma.569},
 fjournal = {Mathematical Methods in the Applied Sciences},
 issn = {0170-4214},
 journal = {Math. Methods Appl. Sci.},
 mrclass = {35K50 (35K55 92C17)},
 mrnumber = {2087297},
 number = {15},
 pages = {1783--1801},
 title = {The one-dimensional chemotaxis model: global existence and asymptotic profile},
 url = {https://doi.org/10.1002/mma.569},
 volume = {27},
 year = {2004}
}
