@book{hirsch.smale.ea:13:differential,
 author = {Hirsch, Morris W. and Smale, Stephen and Devaney, Robert
L.},
 doi = {10.1016/B978-0-12-382010-5.00001-4},
 edition = {Third},
 isbn = {978-0-12-382010-5},
 mrclass = {37-01 (34-01 34Cxx)},
 mrnumber = {3293130},
 pages = {xiv+418},
 publisher = {Elsevier/Academic Press, Amsterdam},
 title = {Differential equations, dynamical systems, and an
introduction to chaos},
 url = {https://doi.org/10.1016/B978-0-12-382010-5.00001-4},
 year = {2013}
}
