@book{hirsch.smale.ea:04:differential,
  author        = {Hirsch, Morris W. and Smale, Stephen and Devaney, Robert L.},
  edition       = {Second},
  isbn          = {0-12-349703-5},
  mrclass       = {37-01 (34-01 34Cxx)},
  mrnumber      = {2144536},
  mrreviewer    = {Michael Hurley},
  pages         = {xiv+417},
  publisher     = {Elsevier/Academic Press, Amsterdam},
  series        = {Pure and Applied Mathematics (Amsterdam)},
  title         = {Differential equations, dynamical systems, and an introduction to chaos},
  volume        = {60},
  year          = {2004}
}
