@inproceedings{hislop:00:exponential,
  author        = {Hislop, P. D.},
  booktitle     = {Proceedings of the {S}ymposium on {M}athematical {P}hysics and {Q}uantum {F}ield {T}heory ({B}erkeley, {CA}, 1999)},
  mrclass       = {81U05 (81Q10)},
  mrnumber      = {1785381},
  mrreviewer    = {Hiroshi Isozaki},
  pages         = {265--288},
  publisher     = {Southwest Texas State Univ., San Marcos, TX},
  series        = {Electron. J. Differ. Equ. Conf.},
  title         = {Exponential decay of two-body eigenfunctions: a review},
  volume        = {4},
  year          = {2000}
}
