@article{hocquet.hofmanova:18:energy,
 author = {Hocquet, Antoine and Hofmanov\'{a}, Martina},
 doi = {10.1016/j.jde.2018.04.006},
 fjournal = {Journal of Differential Equations},
 issn = {0022-0396,1090-2732},
 journal = {J. Differential Equations},
 mrclass = {35K10 (35B35 35D30)},
 mrnumber = {3797622},
 mrreviewer = {Le\ Chen},
 number = {4},
 pages = {1407--1466},
 title = {An energy method for rough partial differential
equations},
 url = {https://doi.org/10.1016/j.jde.2018.04.006},
 volume = {265},
 year = {2018}
}
