@article{hoeffding:63:probability,
  author        = {Hoeffding, Wassily},
  fjournal      = {Journal of the American Statistical Association},
  issn          = {0162-1459},
  journal       = {J. Amer. Statist. Assoc.},
  mrclass       = {60.20},
  mrnumber      = {144363},
  mrreviewer    = {E. H. Lehman},
  pages         = {13--30},
  title         = {Probability inequalities for sums of bounded random variables},
  url           = {http://links.jstor.org/sici?sici=0162-1459(196303)58:301<13:PIFSOB>2.0.CO;2-D\&origin=MSN},
  volume        = {58},
  year          = {1963}
}
