@article{holden.hu:96:finite,
 author = {Holden, Helge and Hu, Yaozhong},
 doi = {10.1080/03605309608821231},
 fjournal = {Communications in Partial Differential Equations},
 issn = {0360-5302},
 journal = {Comm. Partial Differential Equations},
 mrclass = {65U05 (35R60 60H15 65N06 76M20 76M35)},
 mrnumber = {1410834},
 mrreviewer = {Krystyna Twardowska},
 number = {9-10},
 pages = {1367--1388},
 title = {Finite difference approximation of the pressure equation for fluid flow in a stochastic medium---a probabilistic approach},
 url = {https://doi.org/10.1080/03605309608821231},
 volume = {21},
 year = {1996}
}
