@incollection{hollander.konig.ea:21:parabolic,
  author        = {den Hollander, Frank and K\"{o}nig, Wolfgang and dos Santos, Renato S.},
  booktitle     = {In and out of equilibrium 3. {C}elebrating {V}ladas {S}idoravicius},
  doi           = {10.1007/978-3-030-60754-8\_25},
  mrclass       = {60H25 (05C80 82B44)},
  mrnumber      = {4237285},
  pages         = {591--635},
  publisher     = {Birkh\"{a}user/Springer, Cham},
  series        = {Progr. Probab.},
  title         = {The parabolic {A}nderson model on a {G}alton-{W}atson tree},
  url           = {https://doi.org/10.1007/978-3-030-60754-8_25},
  volume        = {77},
  year          = {[2021] \copyright 2021}
}
