@article{holroyd.soo:13:insertion,
  author        = {Holroyd, Alexander E. and Soo, Terry},
  doi           = {10.1214/EJP.v18-2621},
  fjournal      = {Electronic Journal of Probability},
  journal       = {Electron. J. Probab.},
  mrclass       = {60G55 (05C70 60K35)},
  mrnumber      = {3091720},
  mrreviewer    = {Jonathan Henry Jordan},
  pages         = {no. 74, 24},
  title         = {Insertion and deletion tolerance of point processes},
  url           = {https://doi.org/10.1214/EJP.v18-2621},
  volume        = {18},
  year          = {2013}
}
