@article{hong.zeitouni:07:quenched,
  author        = {Hong, Wenming and Zeitouni, Ofer},
  doi           = {10.1007/s10959-007-0079-9},
  fjournal      = {Journal of Theoretical Probability},
  issn          = {0894-9840,1572-9230},
  journal       = {J. Theoret. Probab.},
  mrclass       = {60J80 (60F05)},
  mrnumber      = {2359056},
  mrreviewer    = {Jochen\ Blath},
  number        = {4},
  pages         = {807--820},
  title         = {A quenched {CLT} for super-{B}rownian motion with random immigration},
  url           = {https://doi.org/10.1007/s10959-007-0079-9},
  volume        = {20},
  year          = {2007}
}
