@article{hong.mytnik.ea:20:on,
  author        = {Hong, Jieliang and Mytnik, Leonid and Perkins, Edwin},
  doi           = {10.1214/19-AOP1386},
  fjournal      = {The Annals of Probability},
  issn          = {0091-1798},
  journal       = {Ann. Probab.},
  mrclass       = {60G57 (35J75 35K59 60H30 60J68 60J80)},
  mrnumber      = {4112711},
  mrreviewer    = {Huili Liu},
  number        = {3},
  pages         = {1168--1201},
  title         = {On the topological boundary of the range of super-{B}rownian motion},
  url           = {https://doi.org/10.1214/19-AOP1386},
  volume        = {48},
  year          = {2020}
}
