@article{horstmann.stevens:04:constructive,
 author = {Horstmann, D. and Stevens, A.},
 doi = {10.1007/s00332-003-0548-y},
 fjournal = {Journal of Nonlinear Science},
 issn = {0938-8974},
 journal = {J. Nonlinear Sci.},
 mrclass = {35K57 (35B40 35K50 92C17)},
 mrnumber = {2032519},
 mrreviewer = {Mo Xun Tang},
 number = {1},
 pages = {1--25},
 title = {A constructive approach to traveling waves in chemotaxis},
 url = {https://doi.org/10.1007/s00332-003-0548-y},
 volume = {14},
 year = {2004}
}
