@article{horstmann:03:from,
  author        = {Horstmann, Dirk},
  fjournal      = {Jahresbericht der Deutschen Mathematiker-Vereinigung},
  issn          = {0012-0456},
  journal       = {Jahresber. Deutsch. Math.-Verein.},
  mrclass       = {35K57 (35B30 35J20 35J60 92C17)},
  mrnumber      = {2013508},
  number        = {3},
  pages         = {103--165},
  title         = {From 1970 until present: the {K}eller-{S}egel model in chemotaxis and its consequences. {I}},
  volume        = {105},
  year          = {2003}
}
