@article{horstmann:01:nonsymmetric,
 author = {Horstmann, Dirk},
 doi = {10.1007/PL00001455},
 fjournal = {NoDEA. Nonlinear Differential Equations and Applications},
 issn = {1021-9722},
 journal = {NoDEA Nonlinear Differential Equations Appl.},
 mrclass = {35K57 (35B40 35K60 35Q80 92C17)},
 mrnumber = {1867320},
 mrreviewer = {Dian K. Palagachev},
 number = {4},
 pages = {399--423},
 title = {The nonsymmetric case of the {K}eller-{S}egel model in chemotaxis: some recent results},
 url = {https://doi.org/10.1007/PL00001455},
 volume = {8},
 year = {2001}
}
