@article{horstmann:04:from,
 author = {Horstmann, Dirk},
 fjournal = {Jahresbericht der Deutschen Mathematiker-Vereinigung},
 issn = {0012-0456},
 journal = {Jahresber. Deutsch. Math.-Verein.},
 mrclass = {92C17},
 mrnumber = {2073515},
 number = {2},
 pages = {51--69},
 title = {From 1970 until present: the {K}eller-{S}egel model in
chemotaxis and its consequences. {II}},
 volume = {106},
 year = {2004}
}
