@article{horvath.khoshnevisan:96:strong,
 author = {Horv\'{a}th, L. and Khoshnevisan, D.},
 fjournal = {Studia Scientiarum Mathematicarum Hungarica.
Combinatorics, Geometry and Topology (CoGeTo)},
 issn = {0081-6906},
 journal = {Studia Sci. Math. Hungar.},
 mrclass = {60F15 (60F17 60J15)},
 mrnumber = {1367705},
 mrreviewer = {Endre Cs\'{a}ki},
 number = {1-3},
 pages = {187--196},
 title = {A strong approximation for logarithmic averages},
 volume = {31},
 year = {1996}
}
