@article{howison.ockendon.ea:85:singularity,
 author = {Howison, S. D. and Ockendon, J. R. and Lacey, A. A.},
 doi = {10.1093/qjmam/38.3.343},
 fjournal = {The Quarterly Journal of Mechanics and Applied Mathematics},
 issn = {0033-5614},
 journal = {Quart. J. Mech. Appl. Math.},
 mrclass = {80A20 (35R35)},
 mrnumber = {800769},
 mrreviewer = {Jes\'{u}s Hern\'{a}ndez},
 number = {3},
 pages = {343--360},
 title = {Singularity development in moving-boundary problems},
 url = {https://doi.org/10.1093/qjmam/38.3.343},
 volume = {38},
 year = {1985}
}
