@article{hsu.lin.ea:99:traveling,
 author = {Hsu, Cheng-Hsiung and Lin, Song-Sun and Shen, Wenxian},
 doi = {10.1142/S0218127499000912},
 fjournal = {International Journal of Bifurcation and Chaos in Applied Sciences and Engineering},
 issn = {0218-1274,1793-6551},
 journal = {Internat. J. Bifur. Chaos Appl. Sci. Engrg.},
 mrclass = {82C32 (34K10 37C99 37N25 92B20)},
 mrnumber = {1729676},
 mrreviewer = {P.\ W.\ Bates},
 number = {7},
 pages = {1307--1319},
 title = {Traveling waves in cellular neural networks},
 url = {https://doi.org/10.1142/S0218127499000912},
 volume = {9},
 year = {1999}
}
