@article{hu.huang.ea:16:on,
 author = {Hu, Yaozhong and Huang, Jingyu and Nualart, David},
 doi = {10.1214/16-ECP4364},
 fjournal = {Electronic Communications in Probability},
 journal = {Electron. Commun. Probab.},
 mrclass = {60H15 (60H07)},
 mrnumber = {3485390},
 mrreviewer = {Jan I. Seidler},
 pages = {Paper No. 21, 13},
 title = {On the intermittency front of stochastic heat equation driven by colored noises},
 url = {https://doi.org/10.1214/16-ECP4364},
 volume = {21},
 year = {2016}
}
