@incollection{hu.huang.ea:18:parabolic,
 author = {Hu, Yaozhong and Huang, Jingyu and L\^{e}, Khoa and
Nualart, David and Tindel, Samy},
 booktitle = {Computation and combinatorics in dynamics, stochastics and
control},
 mrclass = {60H25 (35R60 60G22)},
 mrnumber = {3967394},
 pages = {477--498},
 publisher = {Springer, Cham},
 series = {Abel Symp.},
 title = {Parabolic {A}nderson model with rough dependence in
space},
 volume = {13},
 year = {2018}
}
