@article{hu.li.ea:22:on,
  author        = {Hu, Zhang-nan and Li, Bing and Xiao, Yimin},
  doi           = {10.1007/s00209-021-02924-2},
  fjournal      = {Mathematische Zeitschrift},
  issn          = {0025-5874,1432-1823},
  journal       = {Math. Z.},
  mrclass       = {37A50 (28A80 60A10)},
  mrnumber      = {4405659},
  mrreviewer    = {Antti\ K\"{a}enm\"{a}ki},
  number        = {1},
  pages         = {485--513},
  title         = {On the intersection of dynamical covering sets with fractals},
  url           = {https://doi.org/10.1007/s00209-021-02924-2},
  volume        = {301},
  year          = {2022}
}
