@article{hu.le:13:multiparameter,
 author = {Hu, Yaozhong and Le, Khoa},
 doi = {10.1016/j.spa.2013.04.019},
 fjournal = {Stochastic Processes and their Applications},
 issn = {0304-4149},
 journal = {Stochastic Process. Appl.},
 mrclass = {60G17 (26A16 26D15 60G15 60G60 60H15)},
 mrnumber = {3071383},
 mrreviewer = {Dongsheng Wu},
 number = {9},
 pages = {3359--3377},
 title = {A multiparameter {G}arsia-{R}odemich-{R}umsey inequality
and some applications},
 url = {https://doi.org/10.1016/j.spa.2013.04.019},
 volume = {123},
 year = {2013}
}
