@article{hu.liu.ea:95:random,
  author        = {Hu, Di He and Liu, Lu Qin and Xiao, Yi Min and Wu, Jun and Zhao, Xing Qiu},
  fjournal      = {Advances in Mathematics (China). Shuxue Jinzhan},
  issn          = {1000-0917},
  journal       = {Adv. in Math. (China)},
  mrclass       = {28A80 (60G17)},
  mrnumber      = {1357237},
  number        = {3},
  pages         = {193--214},
  title         = {Random fractals},
  volume        = {24},
  year          = {1995}
}
