@article{hu.long:09:on,
 author = {Hu, Yaozhong and Long, Hongwei},
 doi = {10.1016/S0252-9602(09)60056-4},
 fjournal = {Acta Mathematica Scientia. Series B. English Edition},
 issn = {0252-9602},
 journal = {Acta Math. Sci. Ser. B (Engl. Ed.)},
 mrclass = {60G52 (62M05 65C30 93E24)},
 mrnumber = {2514363},
 mrreviewer = {Olga A. Korosteleva},
 number = {3},
 pages = {599--608},
 title = {On the singularity of least squares estimator for mean-reverting {$\alpha$}-stable motions},
 url = {https://doi.org/10.1016/S0252-9602(09)60056-4},
 volume = {29},
 year = {2009}
}
