@article{hu.li.ea:23:bsdes,
  author        = {Hu, Yaozhong and Li, Juan and Mi, Chao},
  doi           = {10.1016/j.amc.2023.127979},
  fjournal      = {Applied Mathematics and Computation},
  issn          = {0096-3003,1873-5649},
  journal       = {Appl. Math. Comput.},
  mrclass       = {35R60},
  mrnumber      = {4566050},
  pages         = {Paper No. 127979, 30},
  title         = {B{SDE}s generated by fractional space-time noise and related {SPDE}s},
  url           = {https://doi.org/10.1016/j.amc.2023.127979},
  volume        = {450},
  year          = {2023}
}
