@article{hu.lu.ea:13:non-degeneracy,
 author = {Hu, Yaozhong and Lu, Fei and Nualart, David},
 doi = {10.1214/ECP.v18-2986},
 fjournal = {Electronic Communications in Probability},
 journal = {Electron. Commun. Probab.},
 mrclass = {60H07 (60G22)},
 mrnumber = {3141793},
 mrreviewer = {Stefano Bonaccorsi},
 pages = {no. 84, 8},
 title = {Non-degeneracy of some {S}obolev pseudo-norms of fractional {B}rownian motion},
 url = {https://doi.org/10.1214/ECP.v18-2986},
 volume = {18},
 year = {2013}
}
