@incollection{hu.meyer:93:on,
  author        = {Hu, Y. Z. and Meyer, P. A.},
  booktitle     = {Stochastic processes},
  mrclass       = {60H05},
  mrnumber      = {1427310},
  mrreviewer    = {Josep Lluis Sol\'{e} i Clivill\'{e}s},
  pages         = {141--147},
  publisher     = {Springer, New York},
  title         = {On the approximation of multiple {S}tratonovich integrals},
  year          = {1993}
}
