@article{hu.nualart:98:continuity,
 author = {Hu, Yaozhong and Nualart, David},
 doi = {10.1016/S0167-7152(97)00118-1},
 fjournal = {Statistics \& Probability Letters},
 issn = {0167-7152},
 journal = {Statist. Probab. Lett.},
 mrclass = {60H07 (60H05)},
 mrnumber = {1620482},
 mrreviewer = {Marco Ferrante},
 number = {2},
 pages = {203--211},
 title = {Continuity of some anticipating integral processes},
 url = {https://doi.org/10.1016/S0167-7152(97)00118-1},
 volume = {37},
 year = {1998}
}
