@article{hu.nualart:09:stochastic,
 author = {Hu, Yaozhong and Nualart, David},
 doi = {10.1007/s00440-007-0127-5},
 fjournal = {Probability Theory and Related Fields},
 issn = {0178-8051},
 journal = {Probab. Theory Related Fields},
 mrclass = {60H15 (60H07)},
 mrnumber = {2449130},
 mrreviewer = {Stefano Bonaccorsi},
 number = {1-2},
 pages = {285--328},
 title = {Stochastic heat equation driven by fractional noise and
local time},
 url = {https://doi.org/10.1007/s00440-007-0127-5},
 volume = {143},
 year = {2009}
}
