@article{hu.nualart.ea:15:density,
  author        = {Hu, Yaozhong and Nualart, David and Tindel, Samy and Xu, Fangjun},
  doi           = {10.3150/14-BEJ646},
  fjournal      = {Bernoulli. Official Journal of the Bernoulli Society for Mathematical Statistics and Probability},
  issn          = {1350-7265},
  journal       = {Bernoulli},
  mrclass       = {60F05 (60G10 60H07)},
  mrnumber      = {3378469},
  mrreviewer    = {Matthias Schulte},
  number        = {4},
  pages         = {2336--2350},
  title         = {Density convergence in the {B}reuer-{M}ajor theorem for {G}aussian stationary sequences},
  url           = {https://doi.org/10.3150/14-BEJ646},
  volume        = {21},
  year          = {2015}
}
