@article{hu.nualart.ea:18:large,
 author = {Hu, Yaozhong and Nualart, David and Zhang, Tusheng},
 doi = {10.3150/16-BEJ880},
 fjournal = {Bernoulli. Official Journal of the Bernoulli Society for Mathematical Statistics and Probability},
 issn = {1350-7265},
 journal = {Bernoulli},
 mrclass = {60H15 (60F10 60G22)},
 mrnumber = {3706761},
 mrreviewer = {Raluca M. Balan},
 number = {1},
 pages = {354--385},
 title = {Large deviations for stochastic heat equation with rough dependence in space},
 url = {https://doi.org/10.3150/16-BEJ880},
 volume = {24},
 year = {2018}
}
