@article{hu.nualart.ea:11:feynman-kac,
  author        = {Hu, Yaozhong and Nualart, David and Song, Jian},
  doi           = {10.1214/10-AOP547},
  fjournal      = {The Annals of Probability},
  issn          = {0091-1798},
  journal       = {Ann. Probab.},
  mrclass       = {60H07 (35R60 60G17 60G22 60G30 60H15)},
  mrnumber      = {2778803},
  mrreviewer    = {No\`elia Viles},
  number        = {1},
  pages         = {291--326},
  title         = {Feynman-{K}ac formula for heat equation driven by fractional white noise},
  url           = {https://doi.org/10.1214/10-AOP547},
  volume        = {39},
  year          = {2011}
}
