@article{hu.oksendal.ea:17:singular,
  author        = {Hu, Yaozhong and {\O}ksendal, Bernt and Sulem, Agn\`es},
  doi           = {10.1080/07362994.2017.1325745},
  fjournal      = {Stochastic Analysis and Applications},
  issn          = {0736-2994},
  journal       = {Stoch. Anal. Appl.},
  mrclass       = {91A15 (91A23 91B38 91B55 91B70 93E20)},
  mrnumber      = {3686471},
  mrreviewer    = {Vivek S. Borkar},
  number        = {5},
  pages         = {823--851},
  title         = {Singular mean-field control games},
  url           = {https://doi.org/10.1080/07362994.2017.1325745},
  volume        = {35},
  year          = {2017}
}
