@article{hu.oksendal:02:chaos,
 author = {Hu, Yaozhong and {\O}ksendal, Bernt},
 doi = {10.1081/SAP-120006109},
 fjournal = {Stochastic Analysis and Applications},
 issn = {0736-2994},
 journal = {Stochastic Anal. Appl.},
 mrclass = {60G15 (60G17 60H05 60H40)},
 mrnumber = {1921068},
 mrreviewer = {Vladimir I. Bogachev},
 number = {4},
 pages = {815--837},
 title = {Chaos expansion of local time of fractional {B}rownian
motions},
 url = {https://doi.org/10.1081/SAP-120006109},
 volume = {20},
 year = {2002}
}
