@incollection{hu.oksendal.ea:00:stochastic,
 author = {Hu, Yaozhong and {\O}ksendal, Bernt and Zhang, Tusheng},
 booktitle = {Stochastic processes, physics and geometry: new
interplays, {II} ({L}eipzig, 1999)},
 doi = {10.1081/pde-120028841},
 mrclass = {60H40},
 mrnumber = {1803426},
 mrreviewer = {Ali S\"{u}leyman \"{U}st\"{u}nel},
 pages = {327--337},
 publisher = {Amer. Math. Soc., Providence, RI},
 series = {CMS Conf. Proc.},
 title = {Stochastic partial differential equations driven by
multiparameter fractional white noise},
 url = {https://doi.org/10.1081/pde-120028841},
 volume = {29},
 year = {2000}
}
