@article{hu.perez-abreu:95:on,
  author        = {Hu, Yaozhong and P\'{e}rez-Abreu, V\'{i}ctor},
  fjournal      = {Sociedad Matem\'{a}tica Mexicana. Bolet\'{i}n. Tercera Serie},
  issn          = {1405-213X},
  journal       = {Bol. Soc. Mat. Mexicana (3)},
  mrclass       = {60H99 (60G20)},
  mrnumber      = {1387656},
  mrreviewer    = {Eddy Mayer-Wolf},
  number        = {2},
  pages         = {127--135},
  title         = {On the continuity of {W}iener chaos},
  volume        = {1},
  year          = {1995}
}
