@article{hu.ustunel.ea:02:tangent,
  author        = {Hu, Y. and \"{U}st\"{u}nel, A. S. and Zakai, M.},
  doi           = {10.1006/jfan.2001.3897},
  fjournal      = {Journal of Functional Analysis},
  issn          = {0022-1236},
  journal       = {J. Funct. Anal.},
  mrclass       = {60H07 (28D05)},
  mrnumber      = {1918495},
  mrreviewer    = {Ana Bela Cruzeiro},
  number        = {1},
  pages         = {234--270},
  title         = {Tangent processes on {W}iener space},
  url           = {https://doi.org/10.1006/jfan.2001.3897},
  volume        = {192},
  year          = {2002}
}
