@article{hu.wang:22:matching,
 author = {Hu, Yaozhong and Wang, Xiong},
 journal = {Stoch. Partial Differ. Equ. Anal. Comput.},
 title = {Matching upper and lower moment bounds for a large class of stochastic {PDEs} driven by general space-time {G}aussian noises},
 url = {https://doi.org/10.1007/s40072-022-00278-2},
 year = {2022}
}
