@article{hu.wang:24:matching,
 author = {Hu, Yaozhong and Wang, Xiong},
 doi = {10.1007/s40072-022-00278-2},
 fjournal = {Stochastic Partial Differential Equations. Analysis and
Computations},
 issn = {2194-0401},
 journal = {Stoch. Partial Differ. Equ. Anal. Comput.},
 mrclass = {60H15 (26A33 30E05 35R11 35R60 37H15 60H07)},
 mrnumber = {4709538},
 number = {1},
 pages = {1--52},
 title = {Matching upper and lower moment bounds for a large class
of stochastic {PDE}s driven by general space-time
{G}aussian noises},
 url = {https://doi.org/10.1007/s40072-022-00278-2},
 volume = {12},
 year = {2024}
}
