@article{hu.wang.ea:23:moment,
 author = {Yaozhong Hu and Xiong Wang and Panqiu Xia and Jiayu
Zheng},
 journal = {Preprint arXiv:2303.12994},
 month = {March},
 title = {Moment asymptotics for super-Brownian motions},
 url = {http://arXiv.org/abs/2303.12994},
 year = {2023}
}
