@article{hu.yang:12:optimal,
  author        = {Hu, Yaozhong and Yang, Changli},
  doi           = {10.1007/s11424-012-9254-x},
  fjournal      = {Journal of Systems Science \& Complexity},
  issn          = {1009-6124},
  journal       = {J. Syst. Sci. Complex.},
  mrclass       = {93E03 (60G22 60G35 93B52)},
  mrnumber      = {2909805},
  number        = {2},
  pages         = {238--248},
  title         = {Optimal tracking for bilinear stochastic system driven by fractional {B}rownian motions},
  url           = {https://doi.org/10.1007/s11424-012-9254-x},
  volume        = {25},
  year          = {2012}
}
