@article{hu.zhou:05:stochastic,
  author        = {Hu, Yaozhong and Zhou, Xun Yu},
  doi           = {10.1137/S0363012903426045},
  fjournal      = {SIAM Journal on Control and Optimization},
  issn          = {0363-0129},
  journal       = {SIAM J. Control Optim.},
  mrclass       = {93E20 (49J55 60H05 60H07 60H30)},
  mrnumber      = {2179486},
  mrreviewer    = {Viorica M. Ungureanu},
  number        = {6},
  pages         = {2245--2277},
  title         = {Stochastic control for linear systems driven by fractional noises},
  url           = {https://doi.org/10.1137/S0363012903426045},
  volume        = {43},
  year          = {2005}
}
