@article{hu:01:self-intersection,
  author        = {Hu, Yaozhong},
  doi           = {10.1215/kjm/1250517630},
  fjournal      = {Journal of Mathematics of Kyoto University},
  issn          = {0023-608X},
  journal       = {J. Math. Kyoto Univ.},
  mrclass       = {60G18 (60G15 60G17)},
  mrnumber      = {1852981},
  mrreviewer    = {Zbigniew Michna},
  number        = {2},
  pages         = {233--250},
  title         = {Self-intersection local time of fractional {B}rownian motions---via chaos expansion},
  url           = {https://doi.org/10.1215/kjm/1250517630},
  volume        = {41},
  year          = {2001}
}
