@article{hu:13:multiple,
  author        = {Hu, Yaozhong},
  doi           = {10.1080/17442508.2012.673615},
  fjournal      = {Stochastics. An International Journal of Probability and Stochastic Processes},
  issn          = {1744-2508},
  journal       = {Stochastics},
  mrclass       = {60H10 (26A33 60G22 60H07 60H30)},
  mrnumber      = {3176491},
  mrreviewer    = {Sebastian Riedel},
  number        = {5},
  pages         = {859--916},
  title         = {Multiple integrals and expansion of solutions of differential equations driven by rough paths and by fractional {B}rownian motions},
  url           = {https://doi.org/10.1080/17442508.2012.673615},
  volume        = {85},
  year          = {2013}
}
