@article{hu:95:pathwise,
 author = {Hu, Yao Zhong},
 doi = {10.1016/S0252-9602(18)30048-1},
 fjournal = {Acta Mathematica Scientia. Series B. English Edition},
 issn = {0252-9602},
 journal = {Acta Math. Sci. (English Ed.)},
 mrclass = {60H15 (34F05 34G10)},
 mrnumber = {1356049},
 mrreviewer = {Constantin Tudor},
 number = {3},
 pages = {264--274},
 title = {The pathwise solution for a class of quasilinear stochastic equations of evolution in {B}anach space. {II}},
 url = {https://doi.org/10.1016/S0252-9602(18)30048-1},
 volume = {15},
 year = {1995}
}
