@incollection{hu:93:calculation,
  author        = {Hu, Yao Zhong},
  booktitle     = {Stochastic analysis and related topics ({O}slo, 1992)},
  mrclass       = {60J65},
  mrnumber      = {1268011},
  mrreviewer    = {Sheng Wu He},
  pages         = {161--171},
  publisher     = {Gordon and Breach, Montreux},
  series        = {Stochastics Monogr.},
  title         = {Calculation of {F}eynman path integral for certain central forces},
  volume        = {8},
  year          = {1993}
}
