@article{huang.khoshnevisan:17:on,
 author = {Huang, Jingyu and Khoshnevisan, Davar},
 doi = {10.1214/17-ECP86},
 fjournal = {Electronic Communications in Probability},
 journal = {Electron. Commun. Probab.},
 mrclass = {60H15 (35R60 60G17)},
 mrnumber = {3710805},
 mrreviewer = {Paul Andr\'{e} Razafimandimby},
 pages = {Paper No. 49, 11},
 title = {On the multifractal local behavior of parabolic stochastic {PDE}s},
 url = {https://doi.org/10.1214/17-ECP86},
 volume = {22},
 year = {2017}
}
