@article{huang.nualart.ea:20:central,
 author = {Huang, Jingyu and Nualart, David and Viitasaari, Lauri},
 doi = {10.1016/j.spa.2020.07.010},
 fjournal = {Stochastic Processes and their Applications},
 issn = {0304-4149},
 journal = {Stochastic Process. Appl.},
 mrclass = {60H15 (60F05 60G15 60H07)},
 mrnumber = {4167203},
 mrreviewer = {Zhi Wang},
 number = {12},
 pages = {7170--7184},
 title = {A central limit theorem for the stochastic heat equation},
 url = {https://doi.org/10.1016/j.spa.2020.07.010},
 volume = {130},
 year = {2020}
}
