@article{huang.shen:09:pullback,
 author = {Huang, Jianhua and Shen, Wenxian},
 doi = {10.3934/dcds.2009.24.855},
 fjournal = {Discrete and Continuous Dynamical Systems. Series A},
 issn = {1078-0947,1553-5231},
 journal = {Discrete Contin. Dyn. Syst.},
 mrclass = {35B41 (35K55 35K58 35R60 37L30 37L55)},
 mrnumber = {2505685},
 mrreviewer = {Bruno\ J.\ Scarpellini},
 number = {3},
 pages = {855--882},
 title = {Pullback attractors for nonautonomous and random parabolic equations on non-smooth domains},
 url = {https://doi.org/10.3934/dcds.2009.24.855},
 volume = {24},
 year = {2009}
}
