@book{huang:15:stochastic,
  author        = {Huang, Jingyu},
  isbn          = {978-1321-81057-8},
  mrclass       = {Thesis},
  mrnumber      = {3389156},
  note          = {Thesis (Ph.D.)--University of Kansas},
  pages         = {294},
  publisher     = {ProQuest LLC, Ann Arbor, MI},
  title         = {Stochastic partial differential equations driven by colored noise},
  url           = {http://gateway.proquest.com/openurl?url\_ver=Z39.88-2004\&rft\_val\_fmt=info:ofi/fmt:kev:mtx:dissertation\&res\_dat=xri:pqm\&rft\_dat=xri:pqdiss:3706836},
  year          = {2015}
}
