@article{huang:17:on,
  author        = {Huang, Jingyu},
  doi           = {10.1214/17-ECP71},
  fjournal      = {Electronic Communications in Probability},
  journal       = {Electron. Commun. Probab.},
  mrclass       = {60H15 (35R06 35R60 60G60)},
  mrnumber      = {3685238},
  mrreviewer    = {Martin Ondrej\'{a}t},
  pages         = {Paper No. 40, 6},
  title         = {On stochastic heat equation with measure initial data},
  url           = {https://doi.org/10.1214/17-ECP71},
  volume        = {22},
  year          = {2017}
}
