@article{huang.qiu:21:microscopic,
 author = {Huang, Hui and Qiu, Jinniao},
 doi = {10.1007/s00332-020-09661-6},
 fjournal = {Journal of Nonlinear Science},
 issn = {0938-8974},
 journal = {J. Nonlinear Sci.},
 mrclass = {65M75 (35K55 60H15 60H30)},
 mrnumber = {4192425},
 mrreviewer = {Arbaz Khan},
 number = {1},
 pages = {Paper No. 6, 31},
 title = {The microscopic derivation and well-posedness of the
stochastic {K}eller-{S}egel equation},
 url = {https://doi.org/10.1007/s00332-020-09661-6},
 volume = {31},
 year = {2021}
}
