@article{huang.dikin.ea:04:three-dimensional,
  author        = {Huang, Z. and Dikin, D. A. and Ding, W. and Qiao, Y. and Chen, X. and Fridman, Y. and Ruoff, R. S.},
  doi           = {10.1111/j.0022-2720.2004.01418.x},
  fjournal      = {Journal of Microscopy},
  issn          = {0022-2720},
  journal       = {J. Microsc.},
  mrclass       = {Expansion},
  mrnumber      = {2086418},
  number        = {3},
  pages         = {206--214},
  title         = {Three-dimensional representation of curved nanowires},
  url           = {https://doi.org/10.1111/j.0022-2720.2004.01418.x},
  volume        = {216},
  year          = {2004}
}
