@article{huang.kuksin:21:on,
 author = {Huang, Guan and Kuksin, Sergei},
 doi = {10.1007/s40072-020-00187-2},
 fjournal = {Stochastic Partial Differential Equations. Analysis and
Computations},
 issn = {2194-0401},
 journal = {Stoch. Partial Differ. Equ. Anal. Comput.},
 mrclass = {35R60},
 mrnumber = {4333505},
 number = {4},
 pages = {867--891},
 title = {On the energy transfer to high frequencies in the
damped/driven nonlinear {S}chr\"{o}dinger equation},
 url = {https://doi.org/10.1007/s40072-020-00187-2},
 volume = {9},
 year = {2021}
}
