@article{huang.le.ea:17:large,
 author = {Huang, Jingyu and L\^{e}, Khoa and Nualart, David},
 doi = {10.1214/16-AIHP756},
 fjournal = {Annales de l'Institut Henri Poincar\'{e} Probabilit\'{e}s
et Statistiques},
 issn = {0246-0203},
 journal = {Ann. Inst. Henri Poincar\'{e} Probab. Stat.},
 mrclass = {60G15 (60F10 60H07 60H15 65M75)},
 mrnumber = {3689969},
 mrreviewer = {Xia Chen},
 number = {3},
 pages = {1305--1340},
 title = {Large time asymptotics for the parabolic {A}nderson model
driven by spatially correlated noise},
 url = {https://doi.org/10.1214/16-AIHP756},
 volume = {53},
 year = {2017}
}
