@article{huergo.pasquale.ea:10:morphology,
 author = {Huergo, M. A. C. and Pasquale, M. A. and Bolz\'an, A. E.
and Arvia, A. J. and Gonz\'alez, P. H.},
 doi = {10.1103/PhysRevE.82.031903},
 issue = {3},
 journal = {Phys. Rev. E},
 month = {Sep},
 numpages = {11},
 pages = {031903},
 publisher = {American Physical Society},
 title = {Morphology and dynamic scaling analysis of cell colonies
with linear growth fronts},
 url = {https://link.aps.org/doi/10.1103/PhysRevE.82.031903},
 volume = {82},
 year = {2010}
}
