@article{hughes.martinez-torres.ea:25:dissipative,
  author        = {Hughes, Jack M. and Martinez-Torres, Cristina and Beta, Carsten and Edelstein-Keshet, Leah and Yochelis, Arik},
  doi           = {10.1063/5.0274689},
  fjournal      = {Chaos. An Interdisciplinary Journal of Nonlinear Science},
  issn          = {1054-1500},
  journal       = {Chaos},
  mrclass       = {92C37},
  mrnumber      = {4912106},
  number        = {5},
  pages         = {Paper No. 051103, 7},
  title         = {A dissipative mass conserved reaction-diffusion system reveals switching between coexisting polar and oscillatory cell motility states},
  url           = {https://doi.org/10.1063/5.0274689},
  volume        = {35},
  year          = {2025}
}
