@incollection{hundertmark:08:short,
 author = {Hundertmark, Dirk},
 booktitle = {Analysis and stochastics of growth processes and interface models},
 doi = {10.1093/acprof:oso/9780199239252.003.0009},
 mrclass = {82B44 (60H25 60K37 82-02)},
 mrnumber = {2603225},
 mrreviewer = {Aernout C. D. van Enter},
 pages = {194--218},
 publisher = {Oxford Univ. Press, Oxford},
 title = {A short introduction to {A}nderson localization},
 url = {https://doi.org/10.1093/acprof:oso/9780199239252.003.0009},
 year = {2008}
}
