@incollection{husler:89:first,
 author = {H\"{u}sler, J\"{u}rg},
 booktitle = {Statistical data analysis and inference ({N}euch\^{a}tel, 1989)},
 mrclass = {60G15},
 mrnumber = {1089633},
 pages = {177--182},
 publisher = {North-Holland, Amsterdam},
 title = {First zeros of empirical characteristic functions and extreme values of {G}aussian processes},
 year = {1989}
}
