@article{hutson.shen.ea:08:spectral,
 author = {Hutson, V. and Shen, W. and Vickers, G. T.},
 doi = {10.1216/RMJ-2008-38-4-1147},
 fjournal = {The Rocky Mountain Journal of Mathematics},
 issn = {0035-7596,1945-3795},
 journal = {Rocky Mountain J. Math.},
 mrclass = {47N20 (35K90 35P99 45K05 47G20)},
 mrnumber = {2436718},
 mrreviewer = {Reinhard\ B\"{u}rger},
 number = {4},
 pages = {1147--1175},
 title = {Spectral theory for nonlocal dispersal with periodic or almost-periodic time dependence},
 url = {https://doi.org/10.1216/RMJ-2008-38-4-1147},
 volume = {38},
 year = {2008}
}
