@article{hytonen.veraar:08:on,
  author        = {Hyt\"onen, Tuomas P. and Veraar, Mark C.},
  fjournal      = {Probability and Mathematical Statistics},
  issn          = {0208-4147,2300-8113},
  journal       = {Probab. Math. Statist.},
  mrclass       = {60J65 (46E35 46N30 60G17)},
  mrnumber      = {2445509},
  number        = {1},
  pages         = {143--162},
  title         = {On {B}esov regularity of {B}rownian motions in infinite dimensions},
  volume        = {28},
  year          = {2008}
}
