@article{ibragimov:62:some,
 author = {Ibragimov, I. A.},
 fjournal = {Akademija Nauk SSSR. Teorija Verojatnosteu{i} i ee
Primenenija},
 issn = {0040-361x},
 journal = {Teor. Verojatnost. i Primenen.},
 mrclass = {60.50 (60.30)},
 mrnumber = {148125},
 mrreviewer = {K. Balagangadharan},
 pages = {361--392},
 title = {Some limit theorems for stationary processes},
 volume = {7},
 year = {1962}
}
