@article{igloi.terdik:99:bilinear,
  author        = {Igl\'{o}i, E. and Terdik, Gy.},
  doi           = {10.1214/aoap/1029962597},
  fjournal      = {The Annals of Applied Probability},
  issn          = {1050-5164},
  journal       = {Ann. Appl. Probab.},
  mrclass       = {60H10 (60H05 62M15 93E03)},
  mrnumber      = {1682600},
  mrreviewer    = {Bohdan Maslowski},
  number        = {1},
  pages         = {46--77},
  title         = {Bilinear stochastic systems with fractional {B}rownian motion input},
  url           = {https://doi.org/10.1214/aoap/1029962597},
  volume        = {9},
  year          = {1999}
}
