@book{ikeda.nualart.ea:12:malliavin,
 author = {Ikeda, Nobuyuki and Nualart, David and Stroock, Daniel
W.},
 isbn = {978-3-642-25931-9},
 mrclass = {60-06 (60H07 60H15)},
 mrnumber = {3075400},
 pages = {xiii+346},
 publisher = {Springer, Heidelberg},
 series = {Probability at Saint-Flour},
 title = {Malliavin calculus at {S}aint-{F}lour},
 year = {2012}
}
