@article{imamura.sasamoto:11:replica,
 author = {Imamura, Takashi and Sasamoto, Tomohiro},
 doi = {10.1088/1751-8113/44/38/385001},
 fjournal = {Journal of Physics. A. Mathematical and Theoretical},
 issn = {1751-8113},
 journal = {J. Phys. A},
 mrclass = {82C22 (60B20 60K35 82C44)},
 mrnumber = {2835150},
 mrreviewer = {Patr\'{i}cia Gon\c{c}alves},
 number = {38},
 pages = {385001, 29},
 title = {Replica approach to the {KPZ} equation with the half
{B}rownian motion initial condition},
 url = {https://doi.org/10.1088/1751-8113/44/38/385001},
 volume = {44},
 year = {2011}
}
