@article{imamura.sasamoto:04:fluctuations,
 author = {Imamura, T. and Sasamoto, T.},
 doi = {10.1016/j.nuclphysb.2004.07.030},
 fjournal = {Nuclear Physics. B. Theoretical, Phenomenological, and Experimental High Energy Physics. Quantum Field Theory and Statistical Systems},
 issn = {0550-3213},
 journal = {Nuclear Phys. B},
 mrclass = {82C41 (60K35 82C23)},
 mrnumber = {2098552},
 mrreviewer = {Michael Pr\"{a}hofer},
 number = {3},
 pages = {503--544},
 title = {Fluctuations of the one-dimensional polynuclear growth model with external sources},
 url = {https://doi.org/10.1016/j.nuclphysb.2004.07.030},
 volume = {699},
 year = {2004}
}
