@book{ince:44:ordinary,
  author        = {Ince, E. L.},
  mrclass       = {36.0X},
  mrnumber      = {0010757},
  pages         = {viii+558},
  publisher     = {Dover Publications, New York},
  title         = {Ordinary {D}ifferential {E}quations},
  year          = {1944}
}
