@article{iorio:86:on,
 author = {I\'{o}rio, Jr., Rafael Jos\'{e}},
 doi = {10.1080/03605308608820456},
 fjournal = {Communications in Partial Differential Equations},
 issn = {0360-5302},
 journal = {Comm. Partial Differential Equations},
 mrclass = {35B40 (35K55 35Q20)},
 mrnumber = {847994},
 mrreviewer = {Bjorn Birnir},
 number = {10},
 pages = {1031--1081},
 title = {On the {C}auchy problem for the {B}enjamin-{O}no equation},
 url = {https://doi.org/10.1080/03605308608820456},
 volume = {11},
 year = {1986}
}
