@incollection{isacker:61:generalized,
 author = {van \.{I}sacker, J.},
 booktitle = {Advances in {G}eophysics, {V}ol. 7},
 mrclass = {62.85},
 mrnumber = {0139246},
 mrreviewer = {W. Freiberger},
 pages = {189--214},
 publisher = {Academic Press, New York},
 title = {Generalized harmonic analysis},
 year = {1961}
}
