@article{ishida.yokota:12:global,
 author = {Ishida, Sachiko and Yokota, Tomomi},
 doi = {10.1016/j.jde.2011.02.012},
 fjournal = {Journal of Differential Equations},
 issn = {0022-0396},
 journal = {J. Differential Equations},
 mrclass = {35K45 (35A01 35B33 35D30 35K59)},
 mrnumber = {2853545},
 mrreviewer = {Adrian Muntean},
 number = {2},
 pages = {1421--1440},
 title = {Global existence of weak solutions to quasilinear
degenerate {K}eller-{S}egel systems of parabolic-parabolic
type},
 url = {https://doi.org/10.1016/j.jde.2011.02.012},
 volume = {252},
 year = {2012}
}
