@article{issa.shen:20:pointwise,
 author = {Issa, Tahir Bachar and Shen, Wenxian},
 doi = {10.1016/j.jmaa.2020.124204},
 fjournal = {Journal of Mathematical Analysis and Applications},
 issn = {0022-247X,1096-0813},
 journal = {J. Math. Anal. Appl.},
 mrclass = {35K51 (35B08 35B51 35Q92 92C17)},
 mrnumber = {4097949},
 number = {1},
 pages = {124204, 30},
 title = {Pointwise persistence in full chemotaxis models with
logistic source on bounded heterogeneous environments},
 url = {https://doi.org/10.1016/j.jmaa.2020.124204},
 volume = {490},
 year = {2020}
}
