@article{issa.shen:19:uniqueness,
 author = {Issa, Tahir Bachar and Shen, Wenxian},
 doi = {10.1007/s10884-018-9706-7},
 fjournal = {Journal of Dynamics and Differential Equations},
 issn = {1040-7294,1572-9222},
 journal = {J. Dynam. Differential Equations},
 mrclass = {92C17 (35B35 35B40 35M33 35Q92)},
 mrnumber = {4028576},
 number = {4},
 pages = {2305--2338},
 title = {Uniqueness and stability of coexistence states in two
species models with/without chemotaxis on bounded
heterogeneous environments},
 url = {https://doi.org/10.1007/s10884-018-9706-7},
 volume = {31},
 year = {2019}
}
