@book{ito.mckean:74:diffusion,
 author = {It\^{o}, Kiyosi and McKean, Jr., Henry P.},
 mrclass = {60J60 (60G17 60J70)},
 mrnumber = {0345224},
 note = {Second printing, corrected},
 pages = {xv+321},
 publisher = {Springer-Verlag, Berlin-New York},
 series = {Die Grundlehren der mathematischen Wissenschaften, Band 125},
 title = {Diffusion processes and their sample paths},
 year = {1974}
}
