@incollection{its.tracy.ea:01:random,
  author        = {Its, Alexander R. and Tracy, Craig A. and Widom, Harold},
  booktitle     = {Random matrix models and their applications},
  mrclass       = {82B41 (05A99 37B99 37K10 47B35 60C05)},
  mrnumber      = {1842789},
  mrreviewer    = {Estelle L. Basor},
  pages         = {245--258},
  publisher     = {Cambridge Univ. Press, Cambridge},
  series        = {Math. Sci. Res. Inst. Publ.},
  title         = {Random words, {T}oeplitz determinants, and integrable systems. {I}},
  volume        = {40},
  year          = {2001}
}
