@incollection{its:11:painleve,
 author = {Its, Alexander R.},
 booktitle = {The {O}xford handbook of random matrix theory},
 mrclass = {33-02 (15B52 33E17)},
 mrnumber = {2932629},
 mrreviewer = {Diego E. Dominici},
 pages = {176--197},
 publisher = {Oxford Univ. Press, Oxford},
 title = {Painlev\'{e} transcendents},
 year = {2011}
}
