@article{iyer.xu.ea:21:convection-induced,
  author        = {Iyer, Gautam and Xu, Xiaoqian and Zlato\v{s}, Andrej},
  doi           = {10.1090/tran/8195},
  fjournal      = {Transactions of the American Mathematical Society},
  issn          = {0002-9947},
  journal       = {Trans. Amer. Math. Soc.},
  mrclass       = {35B44 (76R05)},
  mrnumber      = {4302154},
  number        = {9},
  pages         = {6039--6058},
  title         = {Convection-induced singularity suppression in the {K}eller-{S}egel and other non-linear {PDE}s},
  url           = {https://doi.org/10.1090/tran/8195},
  volume        = {374},
  year          = {2021}
}
