@article{jabin:14:review,
 author = {Jabin, Pierre-Emmanuel},
 doi = {10.3934/krm.2014.7.661},
 fjournal = {Kinetic and Related Models},
 issn = {1937-5093},
 journal = {Kinet. Relat. Models},
 mrclass = {82C22 (35Q82 35Q83)},
 mrnumber = {3317577},
 number = {4},
 pages = {661--711},
 title = {A review of the mean field limits for {V}lasov equations},
 url = {https://doi.org/10.3934/krm.2014.7.661},
 volume = {7},
 year = {2014}
}
