@article{jacka.tribe:03:comparisons,
 author = {Jacka, Saul and Tribe, Roger},
 doi = {10.1214/aop/1055425794},
 fjournal = {The Annals of Probability},
 issn = {0091-1798},
 journal = {Ann. Probab.},
 mrclass = {60G57 (49Q20 60J60 60J80 93E20)},
 mrnumber = {1989447},
 mrreviewer = {S. N. Ethier},
 number = {3},
 pages = {1679--1712},
 title = {Comparisons for measure valued processes with interactions},
 url = {https://doi.org/10.1214/aop/1055425794},
 volume = {31},
 year = {2003}
}
