@article{jakab.mitrea.ea:07:traces,
  author        = {Jakab, T\"{u}nde and Mitrea, Irina and Mitrea, Marius},
  doi           = {10.1016/j.jfa.2007.01.004},
  fjournal      = {Journal of Functional Analysis},
  issn          = {0022-1236},
  journal       = {J. Funct. Anal.},
  mrclass       = {46E35 (35A25 42B20 46E30 47F05)},
  mrnumber      = {2316877},
  mrreviewer    = {Juha K. Kinnunen},
  number        = {1},
  pages         = {50--112},
  title         = {Traces of functions in {H}ardy and {B}esov spaces on {L}ipschitz domains with applications to compensated compactness and the theory of {H}ardy and {B}ergman type spaces},
  url           = {https://doi.org/10.1016/j.jfa.2007.01.004},
  volume        = {246},
  year          = {2007}
}
