@incollection{jakab.mitrea.ea:09:sobolev,
 author = {Jakab, T\"{u}nde and Mitrea, Irina and Mitrea, Marius},
 booktitle = {Sobolev spaces in mathematics. {II}},
 doi = {10.1007/978-0-387-85650-6\_11},
 mrclass = {35J08 (31B15 35J25 46E35)},
 mrnumber = {2484628},
 mrreviewer = {Lavi Karp},
 pages = {227--260},
 publisher = {Springer, New York},
 series = {Int. Math. Ser. (N. Y.)},
 title = {Sobolev estimates for the {G}reen potential associated
with the {R}obin-{L}aplacian in {L}ipschitz domains
satisfying a uniform exterior ball condition},
 url = {https://doi.org/10.1007/978-0-387-85650-6_11},
 volume = {9},
 year = {2009}
}
