@article{james:64:distributions,
 author = {James, Alan T.},
 doi = {10.1214/aoms/1177703550},
 fjournal = {Annals of Mathematical Statistics},
 issn = {0003-4851},
 journal = {Ann. Math. Statist.},
 mrclass = {62.40},
 mrnumber = {181057},
 mrreviewer = {I. Olkin},
 pages = {475--501},
 title = {Distributions of matrix variates and latent roots derived from normal samples},
 url = {https://doi.org/10.1214/aoms/1177703550},
 volume = {35},
 year = {1964}
}
