@article{janjigian:15:large,
 author = {Janjigian, Chris},
 doi = {10.1007/s10955-015-1269-y},
 fjournal = {Journal of Statistical Physics},
 issn = {0022-4715},
 journal = {J. Stat. Phys.},
 mrclass = {82D60},
 mrnumber = {3373651},
 mrreviewer = {El\'{i}as Alfredo Gudi\~{n}o Rojas},
 number = {4},
 pages = {1054--1080},
 title = {Large deviations of the free energy in the
{O}'{C}onnell-{Y}or polymer},
 url = {https://doi.org/10.1007/s10955-015-1269-y},
 volume = {160},
 year = {2015}
}
