@article{janjigian.rassoul-agha.ea:22:ergodicity,
 author = {Christopher Janjigian and Firas Rassoul-Agha and Timo
Sepp\"al\"ainen},
 journal = {Preprint arXiv:2211.06779},
 month = {November},
 title = {Ergodicity and synchronization of the Kardar-Parisi-Zhang
equation},
 url = {http://arXiv.org/abs/2211.06779},
 year = {2022}
}
