@article{jaramillo.nualart:17:asymptotic,
 author = {Jaramillo, Arturo and Nualart, David},
 doi = {10.1016/j.spa.2016.06.023},
 fjournal = {Stochastic Processes and their Applications},
 issn = {0304-4149},
 journal = {Stochastic Process. Appl.},
 mrclass = {60G22 (60F05 60J55)},
 mrnumber = {3583768},
 mrreviewer = {Olga Izyumtseva},
 number = {2},
 pages = {669--700},
 title = {Asymptotic properties of the derivative of
self-intersection local time of fractional {B}rownian
motion},
 url = {https://doi.org/10.1016/j.spa.2016.06.023},
 volume = {127},
 year = {2017}
}
