@article{jetschke:86:on,
 author = {Jetschke, G.},
 doi = {10.1002/mana.19861280127},
 fjournal = {Mathematische Nachrichten},
 issn = {0025-584X},
 journal = {Math. Nachr.},
 mrclass = {60H15 (35R60)},
 mrnumber = {855965},
 mrreviewer = {P. Kotelenez},
 pages = {315--329},
 title = {On the equivalence of different approaches to stochastic
partial differential equations},
 url = {https://doi.org/10.1002/mana.19861280127},
 volume = {128},
 year = {1986}
}
