@article{ji.witelski:17:finite-time,
  author        = {Ji, Hangjie and Witelski, Thomas P.},
  doi           = {10.1016/j.physd.2016.10.002},
  fjournal      = {Physica D. Nonlinear Phenomena},
  issn          = {0167-2789},
  journal       = {Phys. D},
  mrclass       = {35K59 (35K35 76A20)},
  mrnumber      = {3593511},
  pages         = {1--15},
  title         = {Finite-time thin film rupture driven by modified evaporative loss},
  url           = {https://doi.org/10.1016/j.physd.2016.10.002},
  volume        = {342},
  year          = {2017}
}
