@incollection{johnstone:07:high,
 author = {Johnstone, Iain M.},
 booktitle = {International {C}ongress of {M}athematicians. {V}ol. {I}},
 doi = {10.4171/022-1/13},
 mrclass = {62H10 (15A52 62H20 62H25)},
 mrnumber = {2334195},
 mrreviewer = {Peter Eichelsbacher},
 pages = {307--333},
 publisher = {Eur. Math. Soc., Z\"{u}rich},
 title = {High dimensional statistical inference and random
matrices},
 url = {https://doi.org/10.4171/022-1/13},
 year = {2007}
}
