@article{johnson.redheffer:66:scrambled,
  author        = {Johnson, Paul and Redheffer, Ray},
  doi           = {10.2307/2314174},
  fjournal      = {American Mathematical Monthly},
  issn          = {0002-9890},
  journal       = {Amer. Math. Monthly},
  mrclass       = {40.13},
  mrnumber      = {201866},
  mrreviewer    = {B. E. Rhoades},
  pages         = {822--828},
  title         = {Scrambled series},
  url           = {https://doi.org/10.2307/2314174},
  volume        = {73},
  year          = {1966}
}
