@book{john:91:partial,
 author = {John, Fritz},
 edition = {fourth},
 isbn = {0-387-90609-6},
 mrclass = {35-01},
 mrnumber = {1185075},
 pages = {x+249},
 publisher = {Springer-Verlag, New York},
 series = {Applied Mathematical Sciences},
 title = {Partial differential equations},
 volume = {1},
 year = {1991}
}
