@article{jolis.sanz-sole:92:integrator,
  author        = {Jolis, Maria and Sanz-Sol\'{e}, Marta},
  doi           = {10.1080/17442509208833800},
  fjournal      = {Stochastics and Stochastics Reports},
  issn          = {1045-1129},
  journal       = {Stochastics Stochastics Rep.},
  mrclass       = {60H05},
  mrnumber      = {1275581},
  mrreviewer    = {Vigirdas Mackevi\v{c}ius},
  number        = {3},
  pages         = {163--176},
  title         = {Integrator properties of the {S}korohod integral},
  url           = {https://doi.org/10.1080/17442509208833800},
  volume        = {41},
  year          = {1992}
}
