@incollection{jona-lasinio:91:stochastic,
  author        = {Jona-Lasinio, G.},
  fjournal      = {Annales de l'Institut Henri Poincar\'{e}. Physique Th\'{e}orique},
  issn          = {0246-0211},
  journal       = {Ann. Inst. H. Poincar\'{e} Phys. Th\'{e}or.},
  mrclass       = {60K35 (82C22)},
  mrnumber      = {1139544},
  note          = {Multiscale phenomena (S\~{a}o Paulo, 1990)},
  number        = {2},
  pages         = {751--758},
  title         = {Stochastic reaction diffusion equations and interacting particle systems},
  url           = {http://www.numdam.org/item?id=AIHPA\_1991\_\_55\_2\_751\_0},
  volume        = {55},
  year          = {1991}
}
