@article{jordan.wheeler:76:generalization,
 author = {Jordan, G. S. and Wheeler, Robert L.},
 doi = {10.2307/2040875},
 fjournal = {Proceedings of the American Mathematical Society},
 issn = {0002-9939},
 journal = {Proc. Amer. Math. Soc.},
 mrclass = {45D05},
 mrnumber = {405023},
 mrreviewer = {K. N. Srivastava},
 number = {1},
 pages = {109--114},
 title = {A generalization of the {W}iener-{L}\'{e}vy theorem
applicable to some {V}olterra equations},
 url = {https://doi.org/10.2307/2040875},
 volume = {57},
 year = {1976}
}
