@article{joseph.lundgren:72:quasilinear,
 author = {Joseph, D. D. and Lundgren, T. S.},
 doi = {10.1007/BF00250508},
 fjournal = {Archive for Rational Mechanics and Analysis},
 issn = {0003-9527},
 journal = {Arch. Rational Mech. Anal.},
 mrclass = {34B15},
 mrnumber = {340701},
 mrreviewer = {Jean Mawhin},
 pages = {241--269},
 title = {Quasilinear {D}irichlet problems driven by positive sources},
 url = {https://doi.org/10.1007/BF00250508},
 volume = {49},
 year = {1972/73}
}
