@article{julia.nualart:88:distribution,
 author = {Juli\`a, O. and Nualart, D.},
 doi = {10.1080/17442508808833538},
 fjournal = {Stochastics},
 issn = {0090-9491},
 journal = {Stochastics},
 mrclass = {60H05 (60E10)},
 mrnumber = {999367},
 mrreviewer = {M. Zakai},
 number = {3},
 pages = {171--182},
 title = {The distribution of a double stochastic integral with
respect to two independent {B}rownian sheets},
 url = {https://doi.org/10.1080/17442508808833538},
 volume = {25},
 year = {1988}
}
