@incollection{kabeya.ni:98:stationary,
 author = {Kabeya, Yoshitsugu and Ni, Wei-Ming},
 fjournal = {S\={u}rikaisekikenky\={u}sho K\B{o}ky\={u}roku},
 journal = {S\={u}rikaisekikenky\={u}sho K\B{o}ky\={u}roku},
 mrclass = {35Q80 (35J65 92D25 92D50)},
 mrnumber = {1644794},
 mrreviewer = {Joseph So},
 note = {Variational problems and related topics (Japanese) (Kyoto, 1997)},
 number = {1025},
 pages = {44--65},
 title = {Stationary {K}eller-{S}egel model with the linear sensitivity},
 year = {1998}
}
