@book{kadane:17:pragmatics,
  author        = {Kadane, Joseph B.},
  isbn          = {978-1-4987-1984-1},
  mrclass       = {62-01 (01A75 62A01 62C10 62F15 62Pxx)},
  mrnumber      = {3674336},
  mrreviewer    = {A. I. Dale},
  pages         = {xviii+329},
  publisher     = {CRC Press, Boca Raton, FL},
  series        = {Texts in Statistical Science Series},
  title         = {Pragmatics of uncertainty},
  year          = {2017}
}
