@article{kadem.luchko.ea:10:spectral,
  author        = {Kadem, Abdelouahab and Luchko, Yury and Baleanu, Dumitru},
  doi           = {10.1016/S0034-4877(10)80026-6},
  fjournal      = {Reports on Mathematical Physics},
  issn          = {0034-4877},
  journal       = {Rep. Math. Phys.},
  mrclass       = {82C70},
  mrnumber      = {2732183},
  mrreviewer    = {Luisa\ Arlotti},
  number        = {1},
  pages         = {103--115},
  title         = {Spectral method for solution of the fractional transport equation},
  url           = {https://doi.org/10.1016/S0034-4877(10)80026-6},
  volume        = {66},
  year          = {2010}
}
