@article{kadlec:64:regularity,
 author = {Kadlec, Jan},
 fjournal = {Czechoslovak Mathematical Journal},
 issn = {0011-4642},
 journal = {Czechoslovak Math. J.},
 mrclass = {35.45},
 mrnumber = {170088},
 mrreviewer = {Richard Beals},
 pages = {386--393},
 title = {The regularity of the solution of the {P}oisson problem in
a domain whose boundary is similar to that of a convex
domain},
 volume = {14(89)},
 year = {1964}
}
