@article{kager.nienhuis:04:guide,
  author        = {Kager, Wouter and Nienhuis, Bernard},
  doi           = {10.1023/B:JOSS.0000028058.87266.be},
  fjournal      = {Journal of Statistical Physics},
  issn          = {0022-4715},
  journal       = {J. Statist. Phys.},
  mrclass       = {82B27 (30C55 60H10 60J65 60K35 81T40)},
  mrnumber      = {2065722},
  mrreviewer    = {Ren\'{e} L. Schilling},
  number        = {5-6},
  pages         = {1149--1229},
  title         = {A guide to stochastic {L}\"{o}wner evolution and its applications},
  url           = {https://doi.org/10.1023/B:JOSS.0000028058.87266.be},
  volume        = {115},
  year          = {2004}
}
