@article{kahane:85:sur,
  author        = {Kahane, Jean-Pierre},
  fjournal      = {Annales des Sciences Math\'{e}matiques du Qu\'{e}bec},
  issn          = {0707-9109},
  journal       = {Ann. Sci. Math. Qu\'{e}bec},
  mrclass       = {60G57 (60G42)},
  mrnumber      = {829798},
  mrreviewer    = {S. D. Chatterji},
  number        = {2},
  pages         = {105--150},
  title         = {Sur le chaos multiplicatif},
  volume        = {9},
  year          = {1985}
}
