@article{kalbasi.mountford:15:feynman-kac*2,
 author = {Kalbasi, Kamran and Mountford, Thomas S.},
 doi = {10.1016/j.jfa.2015.06.003},
 fjournal = {Journal of Functional Analysis},
 issn = {0022-1236},
 journal = {J. Funct. Anal.},
 mrclass = {35R60 (35C05 35K15 60H15)},
 mrnumber = {3369936},
 mrreviewer = {Le Chen},
 number = {5},
 pages = {1234--1263},
 title = {Feynman-{K}ac representation for the parabolic {A}nderson model driven by fractional noise},
 url = {https://doi.org/10.1016/j.jfa.2015.06.003},
 volume = {269},
 year = {2015}
}
