@book{kallenberg:86:random,
  author        = {Kallenberg, Olav},
  edition       = {Fourth},
  isbn          = {0-12-394960-2},
  mrclass       = {60G57},
  mrnumber      = {854102},
  pages         = {187},
  publisher     = {Akademie-Verlag, Berlin; Academic Press, Inc., London},
  title         = {Random measures},
  year          = {1986}
}
