@article{kalyanasundaram.pruhs:94:constructing*1,
 author = {Bala Kalyanasundaram and Kirk Pruhs},
 journal = {Theor. Comput. Sci.},
 number = {1},
 pages = {125--138},
 title = {Constructing Competitive Tours from Local Information},
 volume = {130},
 year = {1994}
}
