@article{kalyanasundaram.pruhs:94:constructing,
 author = {Kalyanasundaram, Bala and Pruhs, Kirk R},
 journal = {Theoretical Computer Science},
 number = {1},
 pages = {125--138},
 publisher = {Elsevier},
 title = {Constructing competitive tours from local information},
 volume = {130},
 year = {1994}
}
