@article{kamilis.polydorides:18:uncertainty*1,
 author = {Kamilis, Dimitris and Polydorides, Nick},
 doi = {10.1137/17M1156010},
 fjournal = {SIAM/ASA Journal on Uncertainty Quantification},
 issn = {2166-2525},
 journal = {SIAM/ASA J. Uncertain. Quantif.},
 mrclass = {35Q61 (35R60 62M40 65D30 65N30)},
 mrnumber = {3860127},
 mrreviewer = {Le\ Chen},
 number = {4},
 pages = {1295--1334},
 title = {Uncertainty quantification for low-frequency, time-harmonic {M}axwell equations with stochastic conductivity models},
 url = {https://doi.org/10.1137/17M1156010},
 volume = {6},
 year = {2018}
}
