@article{kampen:76:stochastic,
 author = {van Kampen, N. G.},
 doi = {10.1016/0370-1573(76)90029-6},
 fjournal = {Physics Reports. A Review Section of Physics Letters},
 issn = {0370-1573},
 journal = {Phys. Rep.},
 mrclass = {82.60},
 mrnumber = {676489},
 number = {3},
 pages = {171--228},
 title = {Stochastic differential equations},
 url = {https://doi.org/10.1016/0370-1573(76)90029-6},
 volume = {24},
 year = {1976}
}
