@article{kang.kim.ea:20:existence,
 author = {Kang, Kyungkeun and Kim, Kyunghwa and Yoon, Changwook},
 doi = {10.1016/j.jmaa.2019.123750},
 fjournal = {Journal of Mathematical Analysis and Applications},
 issn = {0022-247X},
 journal = {J. Math. Anal. Appl.},
 mrclass = {35Q35 (35D30 35Q92)},
 mrnumber = {4042635},
 number = {1},
 pages = {123750, 38},
 title = {Existence of weak and regular solutions for {K}eller-{S}egel system with degradation coupled to fluid equations},
 url = {https://doi.org/10.1016/j.jmaa.2019.123750},
 volume = {485},
 year = {2020}
}
