@article{kao.lou.ea:10:random,
  author        = {Kao, Chiu-Yen and Lou, Yuan and Shen, Wenxian},
  doi           = {10.3934/dcds.2010.26.551},
  fjournal      = {Discrete and Continuous Dynamical Systems. Series A},
  issn          = {1078-0947,1553-5231},
  journal       = {Discrete Contin. Dyn. Syst.},
  mrclass       = {35K57 (35K51 47G20 92D25 92D40)},
  mrnumber      = {2556498},
  mrreviewer    = {Si\ Ning\ Zheng},
  number        = {2},
  pages         = {551--596},
  title         = {Random dispersal vs. non-local dispersal},
  url           = {https://doi.org/10.3934/dcds.2010.26.551},
  volume        = {26},
  year          = {2010}
}
