@article{kardar.parisi.ea:86:dynamic,
 author = {Kardar, Mehran and Parisi, Giorgio and Zhang, Yi-Cheng},
 doi = {10.1103/PhysRevLett.56.889},
 fjournal = {Physical Review Letters},
 journal = {Phys. Rev. Lett.},
 number = {9},
 pages = {889},
 publisher = {APS},
 title = {Dynamic scaling of growing interfaces},
 url = {https://doi.org/10.1103/PhysRevLett.56.889},
 volume = {56},
 year = {1986}
}
