@article{kardar.zhang:87:scaling,
 author = {Kardar, Mehran and Zhang, Yi-Cheng},
 doi = {10.1103/PhysRevLett.58.2087},
 issue = {20},
 journal = {Phys. Rev. Lett.},
 month = {May},
 numpages = {0},
 pages = {2087--2090},
 publisher = {American Physical Society},
 title = {Scaling of Directed Polymers in Random Media},
 url = {https://link.aps.org/doi/10.1103/PhysRevLett.58.2087},
 volume = {58},
 year = {1987}
}
