@article{kato:84:strong,
  author        = {Kato, Tosio},
  doi           = {10.1007/BF01174182},
  fjournal      = {Mathematische Zeitschrift},
  issn          = {0025-5874},
  journal       = {Math. Z.},
  mrclass       = {35Q10 (76D05)},
  mrnumber      = {760047},
  mrreviewer    = {Yoshikazu Giga},
  number        = {4},
  pages         = {471--480},
  title         = {Strong {$L^{p}$}-solutions of the {N}avier-{S}tokes equation in {\${\bf R}^{m}\$}, with applications to weak solutions},
  url           = {https://doi.org/10.1007/BF01174182},
  volume        = {187},
  year          = {1984}
}
