@book{kato:76:perturbation,
 author = {Kato, Tosio},
 edition = {Second},
 mrclass = {47-XX},
 mrnumber = {0407617},
 pages = {xxi+619},
 publisher = {Springer-Verlag, Berlin-New York},
 series = {Grundlehren der Mathematischen Wissenschaften, Band 132},
 title = {Perturbation theory for linear operators},
 year = {1976}
}
