@article{kawohl.kersner:92:on,
  author        = {Kawohl, Bernhard and Kersner, Robert},
  doi           = {10.1002/mma.1670150703},
  fjournal      = {Mathematical Methods in the Applied Sciences},
  issn          = {0170-4214},
  journal       = {Math. Methods Appl. Sci.},
  mrclass       = {35K65},
  mrnumber      = {1180687},
  mrreviewer    = {Maura Ughi},
  number        = {7},
  pages         = {469--477},
  title         = {On degenerate diffusion with very strong absorption},
  url           = {https://doi.org/10.1002/mma.1670150703},
  volume        = {15},
  year          = {1992}
}
