@article{kazakov.kostov.ea:02:matrix,
 author = {Kazakov, Vladimir and Kostov, Ivan K. and Kutasov, David},
 doi = {10.1016/S0550-3213(01)00606-X},
 fjournal = {Nuclear Physics. B. Theoretical, Phenomenological, and
Experimental High Energy Physics. Quantum Field Theory and
Statistical Systems},
 issn = {0550-3213},
 journal = {Nuclear Phys. B},
 mrclass = {83C80 (81T20 81T30 83C57)},
 mrnumber = {1877811},
 number = {1-2},
 pages = {141--188},
 title = {A matrix model for the two-dimensional black hole},
 url = {https://doi.org/10.1016/S0550-3213(01)00606-X},
 volume = {622},
 year = {2002}
}
