@article{kazdan.warner:74:curvature,
 author = {Kazdan, Jerry L. and Warner, F. W.},
 doi = {10.2307/1971012},
 fjournal = {Annals of Mathematics. Second Series},
 issn = {0003-486X},
 journal = {Ann. of Math. (2)},
 mrclass = {53C20 (35J05 58G15)},
 mrnumber = {343205},
 mrreviewer = {H. Jacobowitz},
 pages = {14--47},
 title = {Curvature functions for compact {$2$}-manifolds},
 url = {https://doi.org/10.2307/1971012},
 volume = {99},
 year = {1974}
}
