@incollection{keating.snaith:11:number,
 author = {Keating, J. P. and Snaith, N. C.},
 booktitle = {The {O}xford handbook of random matrix theory},
 mrclass = {11M50 (11M26 60B20)},
 mrnumber = {2932644},
 mrreviewer = {S. W. Graham},
 pages = {491--509},
 publisher = {Oxford Univ. Press, Oxford},
 title = {Number theory},
 year = {2011}
}
