@book{keener:00:principles,
 author = {Keener, James P.},
 edition = {Revised},
 isbn = {0-7382-0129-4},
 mrclass = {00A05},
 mrnumber = {1741517},
 note = {Transformation and approximation},
 pages = {xx+603},
 publisher = {Perseus Books, Advanced Book Program, Cambridge, MA},
 title = {Principles of applied mathematics},
 year = {2000}
}
