@article{keller.segel:71:traveling,
  author        = {Keller, Evelyn F and Segel, Lee A},
  doi           = {10.1016/0022-5193(71)90051-8},
  fjournal      = {Journal of theoretical biology},
  journal       = {J. Theoret. Biol.},
  number        = {2},
  pages         = {235--248},
  publisher     = {Elsevier},
  title         = {Traveling bands of chemotactic bacteria: a theoretical analysis},
  volume        = {30},
  year          = {1971}
}
