@article{keller.kersting.ea:84:on,
 author = {Keller, G. and Kersting, G. and R\"{o}sler, U.},
 doi = {10.1007/BF00531776},
 fjournal = {Zeitschrift f\"{u}r Wahrscheinlichkeitstheorie und
Verwandte Gebiete},
 issn = {0044-3719},
 journal = {Z. Wahrsch. Verw. Gebiete},
 mrclass = {60H10},
 mrnumber = {767799},
 mrreviewer = {Michael Cranston},
 number = {2},
 pages = {163--189},
 title = {On the asymptotic behaviour of solutions of stochastic
differential equations},
 url = {https://doi.org/10.1007/BF00531776},
 volume = {68},
 year = {1984}
}
