@book{kenig:94:harmonic,
  author        = {Kenig, Carlos E.},
  doi           = {10.1090/cbms/083},
  isbn          = {0-8218-0309-3},
  mrclass       = {35J25 (31B20 42B20)},
  mrnumber      = {1282720},
  mrreviewer    = {Ji\v{r}\'{i} R\'{a}kosn\'{i}k},
  pages         = {xii+146},
  publisher     = {Published for the Conference Board of the Mathematical Sciences, Washington, DC; by the American Mathematical Society, Providence, RI},
  series        = {CBMS Regional Conference Series in Mathematics},
  title         = {Harmonic analysis techniques for second order elliptic boundary value problems},
  url           = {https://doi.org/10.1090/cbms/083},
  volume        = {83},
  year          = {1994}
}
