@article{kennedy:09:numerical,
 author = {Kennedy, Tom},
 doi = {10.1007/s10955-009-9866-2},
 fjournal = {Journal of Statistical Physics},
 issn = {0022-4715},
 journal = {J. Stat. Phys.},
 mrclass = {60J67 (82C31 82C80)},
 mrnumber = {2570752},
 number = {5-6},
 pages = {839--856},
 title = {Numerical computations for the {S}chramm-{L}oewner
evolution},
 url = {https://doi.org/10.1007/s10955-009-9866-2},
 volume = {137},
 year = {2009}
}
