@article{kenyon.wilson:11:boundary,
  author        = {Kenyon, Richard W. and Wilson, David B.},
  doi           = {10.1090/S0002-9947-2010-04964-5},
  fjournal      = {Transactions of the American Mathematical Society},
  issn          = {0002-9947},
  journal       = {Trans. Amer. Math. Soc.},
  mrclass       = {60C05 (05C05 05C90 60J67 82B20)},
  mrnumber      = {2737268},
  number        = {3},
  pages         = {1325--1364},
  title         = {Boundary partitions in trees and dimers},
  url           = {https://doi.org/10.1090/S0002-9947-2010-04964-5},
  volume        = {363},
  year          = {2011}
}
