@article{kern.meerschaert.ea:18:asymptotic,
  author        = {Kern, Peter and Meerschaert, Mark M. and Xiao, Yimin},
  doi           = {10.1007/s10959-016-0720-6},
  fjournal      = {Journal of Theoretical Probability},
  issn          = {0894-9840,1572-9230},
  journal       = {J. Theoret. Probab.},
  mrclass       = {60E10 (28A78 28A80 60E07 60G17 60G18 60G51 60G52)},
  mrnumber      = {3769826},
  mrreviewer    = {Anatoliy\ Malyarenko},
  number        = {1},
  pages         = {598--617},
  title         = {Asymptotic behavior of semistable {L}\'{e}vy exponents and applications to fractal path properties},
  url           = {https://doi.org/10.1007/s10959-016-0720-6},
  volume        = {31},
  year          = {2018}
}
