@article{kertesz.horvath.ea:93:self-affine,
 author = {Kert\'{e}sz, J\'{a}nos and Horv\'{a}th, Viktor k. and
Weber, Ferenc},
 doi = {10.1142/S0218348X93000101},
 eprint = {https://doi.org/10.1142/S0218348X93000101},
 fjournal = {Fractals},
 journal = {Fractals},
 number = {01},
 pages = {67--74},
 title = {Self-affine rupture lines in paper sheets},
 url = {https://doi.org/10.1142/S0218348X93000101},
 volume = {01},
 year = {1993}
}
