@article{kesten.spitzer:79:limit,
 author = {Kesten, H. and Spitzer, F.},
 doi = {10.1007/BF00535672},
 fjournal = {Zeitschrift f\"{u}r Wahrscheinlichkeitstheorie und
Verwandte Gebiete},
 issn = {0044-3719},
 journal = {Z. Wahrsch. Verw. Gebiete},
 mrclass = {60K35 (60F05)},
 mrnumber = {550121},
 mrreviewer = {J.\ Theodore\ Cox},
 number = {1},
 pages = {5--25},
 title = {A limit theorem related to a new class of self-similar
processes},
 url = {https://doi.org/10.1007/BF00535672},
 volume = {50},
 year = {1979}
}
