@article{kesten.ney.ea:66:galton-watson,
  author        = {Kesten, H. and Ney, P. and Spitzer, F.},
  fjournal      = {Akademija Nauk SSSR. Teorija Verojatnosteu{i} i ee Primenenija},
  issn          = {0040-361x},
  journal       = {Teor. Verojatnost. i Primenen.},
  mrclass       = {60.67},
  mrnumber      = {207052},
  mrreviewer    = {J.\ Wolfowitz},
  pages         = {579--611},
  title         = {The {G}alton-{W}atson process with mean one and finite variance},
  volume        = {11},
  year          = {1966}
}
