@article{kesten:06:what,
  author        = {Kesten, Harry},
  fjournal      = {Notices of the American Mathematical Society},
  issn          = {0002-9920},
  journal       = {Notices Amer. Math. Soc.},
  mrclass       = {82B43 (60K35 82-02 82C43)},
  mrnumber      = {2254402},
  mrreviewer    = {Rongfeng Sun},
  number        = {5},
  pages         = {572--573},
  title         = {What is{$\dots$}percolation?},
  volume        = {53},
  year          = {2006}
}
