@article{kesten:86:subdiffusive,
  author        = {Kesten, Harry},
  fjournal      = {Annales de l'Institut Henri Poincar\'e. Probabilit\'es et Statistique},
  issn          = {0246-0203},
  journal       = {Ann. Inst. H. Poincar\'e{} Probab. Statist.},
  mrclass       = {60K35 (60J15)},
  mrnumber      = {871905},
  mrreviewer    = {T.\ M.\ Liggett},
  number        = {4},
  pages         = {425--487},
  title         = {Subdiffusive behavior of random walk on a random cluster},
  url           = {http://www.numdam.org/item?id=AIHPB\_1986\_\_22\_4\_425\_0},
  volume        = {22},
  year          = {1986}
}
