@article{kesten.spitzer:75:controlled,
  author        = {Kesten, Harry and Spitzer, Frank},
  doi           = {10.1214/aop/1176996445},
  fjournal      = {The Annals of Probability},
  issn          = {0091-1798},
  journal       = {Ann. Probability},
  mrclass       = {93E20},
  mrnumber      = {363616},
  mrreviewer    = {Francois\ Brodeau},
  pages         = {32--40},
  title         = {Controlled {M}arkov chains},
  url           = {https://doi.org/10.1214/aop/1176996445},
  volume        = {3},
  year          = {1975}
}
