@article{kesten:59:full,
 author = {Kesten, Harry},
 doi = {10.7146/math.scand.a-10568},
 fjournal = {Mathematica Scandinavica},
 issn = {0025-5521,1903-1807},
 journal = {Math. Scand.},
 mrclass = {46.00},
 mrnumber = {112053},
 mrreviewer = {E.\ Folner},
 pages = {146--156},
 title = {Full {B}anach mean values on countable groups},
 url = {https://doi.org/10.7146/math.scand.a-10568},
 volume = {7},
 year = {1959}
}
