@incollection{kesten:86:aspects,
 author = {Kesten, Harry},
 booktitle = {\'{E}cole d'\'{e}t\'{e} de probabilit\'{e}s de {S}aint-{F}lour, {XIV}---1984},
 doi = {10.1007/BFb0074919},
 mrclass = {60K35 (82A43)},
 mrnumber = {876084},
 mrreviewer = {J. Theodore Cox},
 pages = {125--264},
 publisher = {Springer, Berlin},
 series = {Lecture Notes in Math.},
 title = {Aspects of first passage percolation},
 url = {https://doi.org/10.1007/BFb0074919},
 volume = {1180},
 year = {1986}
}
