@book{kesten:82:percolation,
  author        = {Kesten, Harry},
  isbn          = {3-7643-3107-0},
  mrclass       = {60K35 (05C70 82A43)},
  mrnumber      = {692943},
  mrreviewer    = {R. T. Smythe},
  pages         = {iv+423},
  publisher     = {Birkh\"{a}user, Boston, MA},
  series        = {Progress in Probability and Statistics},
  title         = {Percolation theory for mathematicians},
  volume        = {2},
  year          = {1982}
}
