@article{kesten:86:incipient,
  author        = {Kesten, Harry},
  doi           = {10.1007/BF00776239},
  fjournal      = {Probability Theory and Related Fields},
  issn          = {0178-8051,1432-2064},
  journal       = {Probab. Theory Related Fields},
  mrclass       = {60K35},
  mrnumber      = {859839},
  mrreviewer    = {R.\ T.\ Smythe},
  number        = {3},
  pages         = {369--394},
  title         = {The incipient infinite cluster in two-dimensional percolation},
  url           = {https://doi.org/10.1007/BF00776239},
  volume        = {73},
  year          = {1986}
}
