@book{khasminskii:12:stochastic,
 author = {Khasminskii, Rafail},
 doi = {10.1007/978-3-642-23280-0},
 edition = {second},
 isbn = {978-3-642-23279-4},
 mrclass = {60H10 (34F05 60J60 93E15 94A12)},
 mrnumber = {2894052},
 mrreviewer = {Vivek S. Borkar},
 note = {With contributions by G. N. Milstein and M. B. Nevelson},
 pages = {xviii+339},
 publisher = {Springer, Heidelberg},
 series = {Stochastic Modelling and Applied Probability},
 title = {Stochastic stability of differential equations},
 url = {https://doi.org/10.1007/978-3-642-23280-0},
 volume = {66},
 year = {2012}
}
