@incollection{khoruzhenko.sommers:11:non-hermitian,
 author = {Khoruzhenko, Boris A. and Sommers, Hans-J\"{u}rgen},
 booktitle = {The {O}xford handbook of random matrix theory},
 mrclass = {60B20 (60-02)},
 mrnumber = {2932638},
 mrreviewer = {Olivier Marchal},
 pages = {376--397},
 publisher = {Oxford Univ. Press, Oxford},
 title = {Non-{H}ermitian ensembles},
 year = {2011}
}
