@article{khoshnevisan.lewis.ea:96:on,
 author = {Khoshnevisan, Davar and Lewis, Thomas M. and Shi, Zhan},
 doi = {10.1214/aop/1039639361},
 fjournal = {The Annals of Probability},
 issn = {0091-1798},
 journal = {Ann. Probab.},
 mrclass = {60J65 (60G17)},
 mrnumber = {1404527},
 mrreviewer = {Krzysztof Burdzy},
 number = {2},
 pages = {761--787},
 title = {On a problem of {E}rd\H{o}s and {T}aylor},
 url = {https://doi.org/10.1214/aop/1039639361},
 volume = {24},
 year = {1996}
}
