@incollection{khoshnevisan.revesz:10:zeros,
 author = {Khoshnevisan, Davar and R\'{e}v\'{e}sz, P\'{a}l},
 booktitle = {Dependence in probability, analysis and number theory},
 mrclass = {60G50},
 mrnumber = {2731066},
 mrreviewer = {Aihua Xia},
 pages = {265--278},
 publisher = {Kendrick Press, Heber City, UT},
 title = {Zeros of a two-parameter random walk},
 year = {2010}
}
