@article{khoshnevisan.sanz-sole:22:optimal,
  author        = {Davar Khoshnevisan and Marta Sanz-Sol\'e},
  journal       = {Preprint arXiv:2208.01728},
  month         = {August},
  title         = {Optimal regularity of SPDEs with additive noise},
  url           = {http://arXiv.org/abs/2208.01728},
  year          = {2022}
}
