@incollection{khoshnevisan.pemantle:00:sojourn,
 author = {Khoshnevisan, D. and Pemantle, R.},
 doi = {10.1023/A:1010324606980},
 fjournal = {Periodica Mathematica Hungarica. Journal of the J\'{a}nos Bolyai Mathematical Society},
 issn = {0031-5303},
 journal = {Period. Math. Hungar.},
 mrclass = {60G60 (60G15)},
 mrnumber = {1812805},
 mrreviewer = {Qi Man Shao},
 note = {Endre Cs\'{a}ki 65},
 number = {1-2},
 pages = {187--194},
 title = {Sojourn times of {B}rownian sheet},
 url = {https://doi.org/10.1023/A:1010324606980},
 volume = {41},
 year = {2000}
}
