@incollection{khoshnevisan:09:from,
  author        = {Khoshnevisan, Davar},
  booktitle     = {Fractal geometry and stochastics {IV}},
  doi           = {10.1007/978-3-0346-0030-9\_4},
  mrclass       = {28A78 (28A80 35R60 60H15 60J55)},
  mrnumber      = {2762675},
  mrreviewer    = {Marco Dozzi},
  pages         = {111--141},
  publisher     = {Birkh\"{a}user Verlag, Basel},
  series        = {Progr. Probab.},
  title         = {From fractals and probability to {L}\'{e}vy processes and stochastic {PDE}s},
  url           = {https://doi.org/10.1007/978-3-0346-0030-9\_4},
  volume        = {61},
  year          = {2009}
}
