@article{khoshnevisan:93:embedding,
 author = {Khoshnevisan, Davar},
 fjournal = {The Annals of Probability},
 issn = {0091-1798},
 journal = {Ann. Probab.},
 mrclass = {60J55 (60F10 60F15 60F17 60J75)},
 mrnumber = {1207230},
 mrreviewer = {Endre Cs\'{a}ki},
 number = {1},
 pages = {340--361},
 title = {An embedding of compensated compound {P}oisson processes with applications to local times},
 url = {http://links.jstor.org/sici?sici=0091-1798(199301)21:1<340:AEOCCP>2.0.CO;2-Y&origin=MSN},
 volume = {21},
 year = {1993}
}
