@article{khoshnevisan.nualart:08:level,
  author        = {Khoshnevisan, Davar and Nualart, Eulalia},
  doi           = {10.3150/08-BEJ133},
  fjournal      = {Bernoulli. Official Journal of the Bernoulli Society for Mathematical Statistics and Probability},
  issn          = {1350-7265},
  journal       = {Bernoulli},
  mrclass       = {60H15},
  mrnumber      = {2543579},
  mrreviewer    = {Sergey V. Lototsky},
  number        = {4},
  pages         = {899--925},
  title         = {Level sets of the stochastic wave equation driven by a symmetric {L}\'{e}vy noise},
  url           = {https://doi.org/10.3150/08-BEJ133},
  volume        = {14},
  year          = {2008}
}
