@article{khoshnevisan.xiao:08:packing,
  author        = {Khoshnevisan, Davar and Xiao, Yimin},
  doi           = {10.1090/S0002-9939-08-09163-6},
  fjournal      = {Proceedings of the American Mathematical Society},
  issn          = {0002-9939},
  journal       = {Proc. Amer. Math. Soc.},
  mrclass       = {60G51 (28A80 60G17 60J25)},
  mrnumber      = {2390532},
  mrreviewer    = {Marta Tyran-Kami\'{n}ska},
  number        = {7},
  pages         = {2597--2607},
  title         = {Packing dimension of the range of a {L}\'{e}vy process},
  url           = {https://doi.org/10.1090/S0002-9939-08-09163-6},
  volume        = {136},
  year          = {2008}
}
