@article{khoshnevisan:14:parabolic,
 author = {Khoshnevisan, D.},
 fjournal = {Markov Processes and Related Fields},
 issn = {1024-2953},
 journal = {Markov Process. Related Fields},
 mrclass = {60H15 (35R60 60H30)},
 mrnumber = {3185556},
 mrreviewer = {Jan I. Seidler},
 number = {1},
 pages = {45--80},
 title = {Parabolic {SPDE}s and intermittency. 16th {B}razilian
{S}ummer {S}chool of {P}robability. {R}ecife, {B}razil,
{A}ugust 6--11, 2012},
 volume = {20},
 year = {2014}
}
