@article{khoshnevisan:92:local,
 author = {Khoshnevisan, Davar},
 doi = {10.1007/BF01193057},
 fjournal = {Probability Theory and Related Fields},
 issn = {0178-8051},
 journal = {Probab. Theory Related Fields},
 mrclass = {60G17 (60F15 60J15 60J65)},
 mrnumber = {1180706},
 mrreviewer = {Steven N. Evans},
 number = {3},
 pages = {377--392},
 title = {Local asymptotic laws for the {B}rownian convex hull},
 url = {https://doi.org/10.1007/BF01193057},
 volume = {93},
 year = {1992}
}
