@article{khoshnevisan.revesz.ea:04:on,
 author = {Khoshnevisan, Davar and R\'{e}v\'{e}sz, P\'{a}l and Shi,
Zhan},
 doi = {10.1016/S0246-0203(03)00057-8},
 fjournal = {Annales de l'Institut Henri Poincar\'{e}. Probabilit\'{e}s
et Statistiques},
 issn = {0246-0203},
 journal = {Ann. Inst. H. Poincar\'{e} Probab. Statist.},
 mrclass = {60J55 (60G15 60G60 60J65)},
 mrnumber = {2037469},
 mrreviewer = {Peter M\"{o}rters},
 number = {1},
 pages = {1--24},
 title = {On the explosion of the local times along lines of
{B}rownian sheet},
 url = {https://doi.org/10.1016/S0246-0203(03)00057-8},
 volume = {40},
 year = {2004}
}
