@article{khoshnevisan.lewis:98:law,
 author = {Khoshnevisan, Davar and Lewis, Thomas M.},
 doi = {10.1016/S0304-4149(97)00105-1},
 fjournal = {Stochastic Processes and their Applications},
 issn = {0304-4149},
 journal = {Stochastic Process. Appl.},
 mrclass = {60J30 (60F15 60J55)},
 mrnumber = {1624017},
 mrreviewer = {Mamoru Kanda},
 number = {1},
 pages = {89--121},
 title = {A law of the iterated logarithm for stable processes in random scenery},
 url = {https://doi.org/10.1016/S0304-4149(97)00105-1},
 volume = {74},
 year = {1998}
}
