@incollection{khoshnevisan.lewis:99:iterated,
 author = {Khoshnevisan, Davar and Lewis, Thomas M.},
 booktitle = {Seminar on {S}tochastic {A}nalysis, {R}andom {F}ields and
{A}pplications ({A}scona, 1996)},
 mrclass = {60J65 (60G18)},
 mrnumber = {1712242},
 pages = {201--210},
 publisher = {Birkh\"{a}user, Basel},
 series = {Progr. Probab.},
 title = {Iterated {B}rownian motion and its intrinsic skeletal
structure},
 volume = {45},
 year = {1999}
}
