@incollection{khoshnevisan:04:brownian,
  author        = {Khoshnevisan, Davar},
  booktitle     = {Asymptotic methods in stochastics},
  mrclass       = {28A12 (58J65 60G15 60J45)},
  mrnumber      = {2106847},
  mrreviewer    = {U. D'Ambrosio},
  pages         = {25--47},
  publisher     = {Amer. Math. Soc., Providence, RI},
  series        = {Fields Inst. Commun.},
  title         = {Brownian sheet and quasi-sure analysis},
  volume        = {44},
  year          = {2004}
}
