@article{khoshnevisan.kim.ea:24:small-ball,
  author        = {Khoshnevisan, Davar and Kim, Kunwoo and Mueller, Carl},
  doi           = {10.1214/24-ejp1242},
  fjournal      = {Electronic Journal of Probability},
  journal       = {Electron. J. Probab.},
  mrclass       = {60H15 (60F99 60G17)},
  mrnumber      = {4838436},
  pages         = {Paper No. 180, 31},
  title         = {Small-ball constants, and exceptional flat points of {SPDE}s},
  url           = {https://doi.org/10.1214/24-ejp1242},
  volume        = {29},
  year          = {2024}
}
