@incollection{khoshnevisan:00:on,
  author        = {Khoshnevisan, D.},
  booktitle     = {S\'{e}minaire de {P}robabilit\'{e}s, {XXXIV}},
  doi           = {10.1007/BFb0103800},
  mrclass       = {60G50 (60F15 60G60)},
  mrnumber      = {1768109},
  pages         = {151--156},
  publisher     = {Springer, Berlin},
  series        = {Lecture Notes in Math.},
  title         = {On sums of i.i.d. random variables indexed by {$N$} parameters},
  url           = {https://doi.org/10.1007/BFb0103800},
  volume        = {1729},
  year          = {2000}
}
