@article{khoshnevisan.xiao:09:harmonic,
 author = {Khoshnevisan, Davar and Xiao, Yimin},
 doi = {10.1007/s00440-008-0175-5},
 fjournal = {Probability Theory and Related Fields},
 issn = {0178-8051},
 journal = {Probab. Theory Related Fields},
 mrclass = {60G60 (31C05 60G51 60J45 60J55)},
 mrnumber = {2529437},
 mrreviewer = {Vasily A. Chernecky},
 number = {3-4},
 pages = {459--515},
 title = {Harmonic analysis of additive {L}\'{e}vy processes},
 url = {https://doi.org/10.1007/s00440-008-0175-5},
 volume = {145},
 year = {2009}
}
