@article{khoshnevisan.shi:98:chungs,
 author = {Khoshnevisan, Davar and Shi, Zhan},
 doi = {10.1090/S0002-9947-98-02011-X},
 fjournal = {Transactions of the American Mathematical Society},
 issn = {0002-9947},
 journal = {Trans. Amer. Math. Soc.},
 mrclass = {60G15 (60F15 60J55 60J65)},
 mrnumber = {1443196},
 mrreviewer = {Qi Man Shao},
 number = {10},
 pages = {4253--4264},
 title = {Chung's law for integrated {B}rownian motion},
 url = {https://doi.org/10.1090/S0002-9947-98-02011-X},
 volume = {350},
 year = {1998}
}
