@article{khoshnevisan.revesz.ea:05:level,
  author        = {Khoshnevisan, Davar and R\'{e}v\'{e}sz, P\'{a}l and Shi, Zhan},
  doi           = {10.1016/j.spa.2004.09.010},
  fjournal      = {Stochastic Processes and their Applications},
  issn          = {0304-4149},
  journal       = {Stochastic Process. Appl.},
  mrclass       = {60G15 (60F17 60G50 60J55)},
  mrnumber      = {2118283},
  mrreviewer    = {Robert C. Dalang},
  number        = {3},
  pages         = {359--380},
  title         = {Level crossings of a two-parameter random walk},
  url           = {https://doi.org/10.1016/j.spa.2004.09.010},
  volume        = {115},
  year          = {2005}
}
