@article{khoshnevisan.sanz-sole:23:optimal,
  author        = {Khoshnevisan, Davar and Sanz-Sol\'e, Marta},
  doi           = {10.1214/23-ejp1043},
  fjournal      = {Electronic Journal of Probability},
  issn          = {1083-6489},
  journal       = {Electron. J. Probab.},
  mrclass       = {60H15 (35B65 35E05 35R60 60G51 60G60)},
  mrnumber      = {4668856},
  mrreviewer    = {Jian\ Song},
  pages         = {Paper No. 142, 31},
  title         = {Optimal regularity of {SPDE}s with additive noise},
  url           = {https://doi.org/10.1214/23-ejp1043},
  volume        = {28},
  year          = {2023}
}
