@article{khoshnevisan.kim.ea:23:dissipation,
 author = {Khoshnevisan, Davar and Kim, Kunwoo and Mueller, Carl},
 doi = {10.1214/22-aihp1289},
 fjournal = {Annales de l'Institut Henri Poincar\'{e} Probabilit\'{e}s
et Statistiques},
 issn = {0246-0203,1778-7017},
 journal = {Ann. Inst. Henri Poincar\'{e} Probab. Stat.},
 mrclass = {60H15 (35R60)},
 mrnumber = {4635721},
 number = {3},
 pages = {1610--1641},
 title = {Dissipation in parabolic {SPDE}s {II}: {O}scillation and
decay of the solution},
 url = {https://doi.org/10.1214/22-aihp1289},
 volume = {59},
 year = {2023}
}
