@incollection{khoshnevisan:16:invariance,
 author = {Khoshnevisan, Davar},
 booktitle = {From {L}\'{e}vy-type processes to parabolic {SPDE}s},
 mrclass = {60H15 (35B51 35K20 35R60 60-02 60G51)},
 mrnumber = {3587473},
 pages = {127--216},
 publisher = {Birkh\"{a}user/Springer, Cham},
 series = {Adv. Courses Math. CRM Barcelona},
 title = {Invariance and comparison principles for parabolic stochastic partial differential equations},
 year = {2016}
}
