@article{khoshnevisan.wu.ea:06:sectorial,
 author = {Khoshnevisan, Davar and Wu, Dongsheng and Xiao, Yimin},
 doi = {10.1214/EJP.v11-353},
 fjournal = {Electronic Journal of Probability},
 issn = {1083-6489},
 journal = {Electron. J. Probab.},
 mrclass = {60G15 (28A80 60G17)},
 mrnumber = {2261054},
 mrreviewer = {Hong Xue},
 pages = {no. 32, 817--843},
 title = {Sectorial local non-determinism and the geometry of the
{B}rownian sheet},
 url = {https://doi.org/10.1214/EJP.v11-353},
 volume = {11},
 year = {2006}
}
