@incollection{khoshnevisan.xiao:00:images,
 author = {Khoshnevisan, Davar and Xiao, Yimin},
 booktitle = {High dimensional probability, {II} ({S}eattle, {WA}, 1999)},
 mrclass = {60G50 (60G60 60J45)},
 mrnumber = {1857331},
 mrreviewer = {D. Butkovi\'{c}},
 pages = {329--345},
 publisher = {Birkh\"{a}user Boston, Boston, MA},
 series = {Progr. Probab.},
 title = {Images and level sets of additive random walks},
 volume = {47},
 year = {2000}
}
