@article{khoshnevisan.kim.ea:24:on,
  author        = {Khoshnevisan, Davar and Kim, Kunwoo and Mueller, Carl},
  doi           = {10.1214/23-aap1988},
  fjournal      = {The Annals of Applied Probability},
  issn          = {1050-5164},
  journal       = {Ann. Appl. Probab.},
  mrclass       = {60H15 (35K05 35R60)},
  mrnumber      = {4700256},
  mrreviewer    = {Le Chen},
  number        = {1B},
  pages         = {1177--1198},
  title         = {On the valleys of the stochastic heat equation},
  url           = {https://doi.org/10.1214/23-aap1988},
  volume        = {34},
  year          = {2024}
}
