@article{khoshnevisan:96:deviation,
 author = {Khoshnevisan, Davar},
 doi = {10.1016/S0304-4149(96)00100-7},
 fjournal = {Stochastic Processes and their Applications},
 issn = {0304-4149},
 journal = {Stochastic Process. Appl.},
 mrclass = {60G44 (60G15 60J65)},
 mrnumber = {1422877},
 mrreviewer = {Paul McGill},
 number = {1},
 pages = {17--30},
 title = {Deviation inequalities for continuous martingales},
 url = {https://doi.org/10.1016/S0304-4149(96)00100-7},
 volume = {65},
 year = {1996}
}
