@book{khoshnevisan:02:multiparameter,
 author = {Khoshnevisan, Davar},
 doi = {10.1007/b97363},
 isbn = {0-387-95459-7},
 mrclass = {60-02 (60G42 60G44 60G50 60G60 60J25 60J45)},
 mrnumber = {1914748},
 mrreviewer = {David Nualart},
 note = {An introduction to random fields},
 pages = {xx+584},
 publisher = {Springer-Verlag, New York},
 series = {Springer Monographs in Mathematics},
 title = {Multiparameter processes},
 url = {https://doi.org/10.1007/b97363},
 year = {2002}
}
