@book{khoshnevisan:89:level,
 author = {Khoshnevisan, Davar},
 mrclass = {Thesis},
 mrnumber = {2637872},
 note = {Thesis (Ph.D.)--University of California, Berkeley},
 pages = {96},
 publisher = {ProQuest LLC, Ann Arbor, MI},
 title = {Level crossings of the uniform empirical process},
 url = {http://gateway.proquest.com/openurl?url_ver=Z39.88-2004&rft_val_fmt=info:ofi/fmt:kev:mtx:dissertation&res_dat=xri:pqdiss&rft_dat=xri:pqdiss:9006389},
 year = {1989}
}
