@article{khoshnevisan.lewis:99:stochastic,
 author = {Khoshnevisan, Davar and Lewis, Thomas M.},
 doi = {10.1214/aoap/1029962807},
 fjournal = {The Annals of Applied Probability},
 issn = {1050-5164},
 journal = {Ann. Appl. Probab.},
 mrclass = {60H05 (60J65)},
 mrnumber = {1722276},
 number = {3},
 pages = {629--667},
 title = {Stochastic calculus for {B}rownian motion on a {B}rownian
fracture},
 url = {https://doi.org/10.1214/aoap/1029962807},
 volume = {9},
 year = {1999}
}
