@article{khoshnevisan.lee:25:on,
  author        = {Davar Khoshnevisan and Cheuk Yin Lee},
  journal       = {Preprint arXiv:2506.15949},
  month         = {June},
  title         = {On the passage times of self-similar Gaussian processes on curved boundaries},
  url           = {http://arXiv.org/abs/2506.15949},
  year          = {2025}
}
