@article{kiessling.spohn:99:note,
  author        = {Kiessling, Michael K.-H. and Spohn, Herbert},
  doi           = {10.1007/s002200050516},
  fjournal      = {Communications in Mathematical Physics},
  issn          = {0010-3616},
  journal       = {Comm. Math. Phys.},
  mrclass       = {82B41},
  mrnumber      = {1669669},
  mrreviewer    = {Estelle L. Basor},
  number        = {3},
  pages         = {683--695},
  title         = {A note on the eigenvalue density of random matrices},
  url           = {https://doi.org/10.1007/s002200050516},
  volume        = {199},
  year          = {1999}
}
