@article{killip.murphy.ea:20:invariance,
  author        = {Killip, Rowan and Murphy, Jason and Visan, Monica},
  doi           = {10.1007/s00222-020-00964-9},
  fjournal      = {Inventiones Mathematicae},
  issn          = {0020-9910},
  journal       = {Invent. Math.},
  mrclass       = {35Q53 (35R60)},
  mrnumber      = {4145790},
  mrreviewer    = {Alp O. Eden},
  number        = {1},
  pages         = {203--282},
  title         = {Invariance of white noise for {K}d{V} on the line},
  url           = {https://doi.org/10.1007/s00222-020-00964-9},
  volume        = {222},
  year          = {2020}
}
