@article{kim.bertsimas:03:discrete,
 author = {Kim, H. and Bertsimas, D.},
 journal = {Operations Research},
 number = {6},
 pages = {991--1005},
 publisher = {INFORMS},
 title = {A discrete approximation approach to the stochastic
shortest path problem},
 volume = {51},
 year = {2003}
}
