@article{kim.park:06:on,
 author = {Kim, S and Park, Ji Yeon},
 journal = {Ars Combinatoria},
 pages = {113--127},
 publisher = {CHARLES BABBAGE RESEARCH CENTER},
 title = {On super edge-magic graphs},
 volume = {81},
 year = {2006}
}
