@article{kim.mueller.ea:10:stochastic,
 author = {Kim, Kunwoo and Mueller, Carl and Sowers, Richard B.},
 fjournal = {Illinois Journal of Mathematics},
 issn = {0019-2082},
 journal = {Illinois J. Math.},
 mrclass = {60H15},
 mrnumber = {2928342},
 mrreviewer = {Yoshiki Otobe},
 number = {3},
 pages = {927--962 (2012)},
 title = {A stochastic moving boundary value problem},
 url = {http://projecteuclid.org/euclid.ijm/1336049982},
 volume = {54},
 year = {2010}
}
