@article{kim.zheng.ea:12:stochastic,
 author = {Kim, Kunwoo and Zheng, Zhi and Sowers, Richard B.},
 doi = {10.1007/s10959-011-0392-1},
 fjournal = {Journal of Theoretical Probability},
 issn = {0894-9840},
 journal = {J. Theoret. Probab.},
 mrclass = {60H15 (35R35 80A22)},
 mrnumber = {2993014},
 mrreviewer = {Nung Kwan Yip},
 number = {4},
 pages = {1040--1080},
 title = {A stochastic {S}tefan problem},
 url = {https://doi.org/10.1007/s10959-011-0392-1},
 volume = {25},
 year = {2012}
}
