@article{kim:08:martingale,
 author = {Kim, Jong Uhn},
 doi = {10.1016/j.jfa.2007.12.007},
 fjournal = {Journal of Functional Analysis},
 issn = {0022-1236},
 journal = {J. Funct. Anal.},
 mrclass = {60H15 (35L70 35R60 60G44)},
 mrnumber = {2409169},
 mrreviewer = {Martin Ondrej\'{a}t},
 number = {9},
 pages = {2437--2469},
 title = {Martingale solutions of a stochastic wave equation with reflection},
 url = {https://doi.org/10.1016/j.jfa.2007.12.007},
 volume = {254},
 year = {2008}
}
