@article{kimmel.kiryati:96:finding,
  author        = {Kimmel, R. and Kiryati, N.},
  journal       = {International Journal of Pattern Recognition and Artificial Intelligence},
  number        = {6},
  pages         = {643--656},
  title         = {Finding shortest paths on surfaces by fast global approximation and precise local refinement},
  volume        = {10},
  year          = {1996}
}
