@book{kipnis.landim:99:scaling,
 author = {Kipnis, Claude and Landim, Claudio},
 doi = {10.1007/978-3-662-03752-2},
 isbn = {3-540-64913-1},
 mrclass = {60-02 (60F05 60F10 60K35 82B05 82C22)},
 mrnumber = {1707314},
 mrreviewer = {Timo Sepp\"{a}l\"{a}inen},
 pages = {xvi+442},
 publisher = {Springer-Verlag, Berlin},
 series = {Grundlehren der mathematischen Wissenschaften [Fundamental Principles of Mathematical Sciences]},
 title = {Scaling limits of interacting particle systems},
 url = {https://doi.org/10.1007/978-3-662-03752-2},
 volume = {320},
 year = {1999}
}
