@article{kipnis.varadhan:86:central,
  author        = {Kipnis, C. and Varadhan, S. R. S.},
  fjournal      = {Communications in Mathematical Physics},
  issn          = {0010-3616,1432-0916},
  journal       = {Comm. Math. Phys.},
  mrclass       = {60F17 (60J05 60K35)},
  mrnumber      = {834478},
  mrreviewer    = {H.\ Kesten},
  number        = {1},
  pages         = {1--19},
  title         = {Central limit theorem for additive functionals of reversible {M}arkov processes and applications to simple exclusions},
  url           = {http://projecteuclid.org/euclid.cmp/1104114929},
  volume        = {104},
  year          = {1986}
}
