@incollection{kirillov:01:introduction,
  author        = {Kirillov, Anatol N.},
  booktitle     = {Physics and combinatorics, 2000 ({N}agoya)},
  doi           = {10.1142/9789812810007\_0005},
  mrclass       = {05E10},
  mrnumber      = {1872253},
  mrreviewer    = {Hiro-Fumi Yamada},
  pages         = {82--150},
  publisher     = {World Sci. Publ., River Edge, NJ},
  title         = {Introduction to tropical combinatorics},
  url           = {https://doi.org/10.1142/9789812810007\_0005},
  year          = {2001}
}
