@article{kiselev.xu:16:suppression,
  author        = {Kiselev, Alexander and Xu, Xiaoqian},
  doi           = {10.1007/s00205-016-1017-8},
  fjournal      = {Archive for Rational Mechanics and Analysis},
  issn          = {0003-9527},
  journal       = {Arch. Ration. Mech. Anal.},
  mrclass       = {92C17 (35K30 35Q92 76L05)},
  mrnumber      = {3544323},
  mrreviewer    = {Tomasz Cie\'{s}lak},
  number        = {2},
  pages         = {1077--1112},
  title         = {Suppression of chemotactic explosion by mixing},
  url           = {https://doi.org/10.1007/s00205-016-1017-8},
  volume        = {222},
  year          = {2016}
}
