@article{kjartansson:79:constant,
 author = {Kjartansson, Einar},
 doi = {https://doi.org/10.1029/JB084iB09p04737},
 eprint = {https://agupubs.onlinelibrary.wiley.com/doi/pdf/10.1029/JB084iB09p04737},
 journal = {Journal of Geophysical Research: Solid Earth},
 number = {B9},
 pages = {4737--4748},
 title = {Constant Q-wave propagation and attenuation},
 url = {https://agupubs.onlinelibrary.wiley.com/doi/abs/10.1029/JB084iB09p04737},
 volume = {84},
 year = {1979}
}
