@article{klafter.sokolov:05:anomalous,
  author        = {Klafter, Joseph and Sokolov, Igor M},
  journal       = {Physics world},
  number        = {8},
  pages         = {29},
  publisher     = {IOP Publishing},
  title         = {Anomalous diffusion spreads its wings},
  volume        = {18},
  year          = {2005}
}
