@book{klausner:12:fundamentals,
  author        = {Klausner, Y.},
  doi           = {https://doi.org/10.1007/978-1-4471-1677-6},
  isbn          = {978-1-4471-1677-6},
  pages         = {XLIII, 607},
  publisher     = {Springer London},
  title         = {Fundamentals of Continuum Mechanics of Soils},
  year          = {2012}
}
