@incollection{klein:08:multiscale,
  author        = {Klein, Abel},
  booktitle     = {Random {S}chr\"{o}dinger operators},
  mrclass       = {82B44 (47B80 47N50 60H25 81Q10 82-02)},
  mrnumber      = {2509111},
  mrreviewer    = {Wolfgang K\"{o}nig},
  pages         = {121--159},
  publisher     = {Soc. Math. France, Paris},
  series        = {Panor. Synth\`eses},
  title         = {Multiscale analysis and localization of random operators},
  volume        = {25},
  year          = {2008}
}
