@article{klimovsky:12:high-dimensional,
 author = {Klimovsky, Anton},
 doi = {10.1214/ECP.v17-1994},
 fjournal = {Electronic Communications in Probability},
 issn = {1083-589X},
 journal = {Electron. Commun. Probab.},
 mrclass = {60K35 (60F10 60G15 60G60)},
 mrnumber = {2915663},
 pages = {no. 17, 14},
 title = {High-dimensional {G}aussian fields with isotropic increments seen through spin glasses},
 url = {https://doi.org/10.1214/ECP.v17-1994},
 volume = {17},
 year = {2012}
}
