@article{klimovsky:05:learning,
 author = {Klimovsky, A.},
 doi = {10.1016/j.mcm.2004.09.010},
 fjournal = {Mathematical and Computer Modelling},
 issn = {0895-7177},
 journal = {Math. Comput. Modelling},
 mrclass = {82C32 (62E20 62M45)},
 mrnumber = {2185355},
 mrreviewer = {Dimitri\ Petritis},
 number = {11-12},
 pages = {1339--1358},
 title = {Learning and generalization errors for the 2{D} binary
perceptron},
 url = {https://doi.org/10.1016/j.mcm.2004.09.010},
 volume = {42},
 year = {2005}
}
