@article{knizhnik.polyakov.ea:88:fractal,
 author = {Knizhnik, V. G. and Polyakov, A. M. and Zamolodchikov, A. B.},
 doi = {10.1142/S0217732388000982},
 fjournal = {Modern Physics Letters A. Particles and Fields, Gravitation, Cosmology, Nuclear Physics},
 issn = {0217-7323},
 journal = {Modern Phys. Lett. A},
 mrclass = {83C45 (81E13 81E15 81G25)},
 mrnumber = {947880},
 mrreviewer = {Markku Lehto},
 number = {8},
 pages = {819--826},
 title = {Fractal structure of {$2$}{D}-quantum gravity},
 url = {https://doi.org/10.1142/S0217732388000982},
 volume = {3},
 year = {1988}
}
