@article{kochubeui:90:diffusion,
  author        = {Kochubeu{i}, A. N.},
  fjournal      = {Differentsial{\cprime}nye Uravneniya},
  issn          = {0374-0641},
  journal       = {Differentsial{\cprime}nye Uravneniya},
  mrclass       = {35K55 (35R05)},
  mrnumber      = {1061448},
  mrreviewer    = {Wojciech M. Zajaczkowski},
  number        = {4},
  pages         = {660--670, 733--734},
  title         = {Diffusion of fractional order},
  volume        = {26},
  year          = {1990}
}
