@article{kochubei:08:non-archimedean,
 author = {Kochubei, Anatoly N.},
 doi = {10.2140/pjm.2008.235.245},
 fjournal = {Pacific Journal of Mathematics},
 issn = {0030-8730,1945-5844},
 journal = {Pacific J. Math.},
 mrclass = {35S10 (11S80 47S10)},
 mrnumber = {2386222},
 number = {2},
 pages = {245--261},
 title = {A non-{A}rchimedean wave equation},
 url = {https://doi.org/10.2140/pjm.2008.235.245},
 volume = {235},
 year = {2008}
}
