@article{koh.rogers.ea:80:graceful,
 author = {Koh, KM and Rogers, DG and Teo, HK and Yap, KY},
 journal = {Congr. Numer},
 pages = {559--571},
 title = {Graceful graphs: some further results and problems},
 volume = {29},
 year = {1980}
}
