@article{kohatsu-higa.sanz-sole:97:existence,
  author        = {Kohatsu-Higa, Arturo and Sanz-Sol\'{e}, Marta},
  doi           = {10.1080/17442509708834096},
  fjournal      = {Stochastics and Stochastics Reports},
  issn          = {1045-1129},
  journal       = {Stochastics Stochastics Rep.},
  mrclass       = {60H10 (60H07)},
  mrnumber      = {1436429},
  mrreviewer    = {Marco Ferrante},
  number        = {1-2},
  pages         = {1--22},
  title         = {Existence and regularity of density for solutions to stochastic differential equations with boundary conditions},
  url           = {https://doi.org/10.1080/17442509708834096},
  volume        = {60},
  year          = {1997}
}
