@article{kokorin:63:methods,
 author = {Kokorin, A. I.},
 fjournal = {Ural{\cprime}skiu{i} Gosudarstvennyu{i} Universitet im. A.
M. Gor{\cprime}kogo. Ural{\cprime}skoe Matematicheskoe
Obshchestvo. Matematicheskie Zapiski},
 journal = {Ural. Gos. Univ. Mat. Zap.},
 mrclass = {06.78 (20.00)},
 mrnumber = {168679},
 mrreviewer = {L. Fuchs},
 number = {tetra, tetrad 1},
 pages = {45--48 (1963)},
 title = {Methods for the lattice-ordering of a free {A}belian group
with a finite number of generators},
 volume = {4},
 year = {1963}
}
