@book{kolmogoroff:73:grundbegriffe,
 author = {Kolmogoroff, A.},
 mrclass = {60A05},
 mrnumber = {362415},
 note = {Reprinting of the 1933 edition},
 pages = {vii+62},
 publisher = {Springer-Verlag, Berlin-New York},
 title = {Grundbegriffe der {W}ahrscheinlichkeitsrechnung},
 year = {1973}
}
