@inproceedings{komm.kralovic.ea:15:treasure,
 author = {Dennis Komm and Rastislav Kr{\'{a}}lovic and Richard
Kr{\'{a}}lovic and Jasmin Smula},
 booktitle = {{SIROCCO}},
 pages = {328--341},
 publisher = {Springer},
 series = {Lecture Notes in Computer Science},
 title = {Treasure Hunt with Advice},
 volume = {9439},
 year = {2015}
}
