@article{komorowski.peszat.ea:13:passive,
  author        = {Komorowski, Tomasz and Peszat, Szymon and Szarek, Tomasz},
  doi           = {10.1088/0951-7715/26/7/1999},
  fjournal      = {Nonlinearity},
  issn          = {0951-7715,1361-6544},
  journal       = {Nonlinearity},
  mrclass       = {76D06 (35Q30 35R60 60H07 60H15 60J25)},
  mrnumber      = {3071450},
  mrreviewer    = {Azzouz\ Dermoune},
  number        = {7},
  pages         = {1999--2026},
  title         = {Passive tracer in a flow corresponding to two-dimensional stochastic {N}avier-{S}tokes equations},
  url           = {https://doi.org/10.1088/0951-7715/26/7/1999},
  volume        = {26},
  year          = {2013}
}
