@article{komorowski.peszat.ea:09:limit,
 author = {Komorowski, Tomasz and Peszat, Szymon and Ryzhik, Lenya},
 doi = {10.1007/s00220-009-0895-0},
 fjournal = {Communications in Mathematical Physics},
 issn = {0010-3616,1432-0916},
 journal = {Comm. Math. Phys.},
 mrclass = {81S25 (60B10 60H40 82B10)},
 mrnumber = {2544740},
 mrreviewer = {J.\ A.\ van Casteren},
 number = {2},
 pages = {479--510},
 title = {Limit of fluctuations of solutions of {W}igner equation},
 url = {https://doi.org/10.1007/s00220-009-0895-0},
 volume = {292},
 year = {2009}
}
