@incollection{komorowski:00:brownian,
 author = {Komorowski, Tomasz},
 fjournal = {Ast\'{e}risque},
 issn = {0303-1179},
 journal = {Ast\'{e}risque},
 mrclass = {60J65 (60-02 60K35)},
 mrnumber = {1772671},
 mrreviewer = {Ingemar Kaj},
 note = {S\'{e}minaire Bourbaki, Vol. 1998/99},
 number = {266},
 pages = {Exp. No. 853, 3, 91--111},
 title = {Brownian motion in a {P}oisson obstacle field},
 year = {2000}
}
