@article{kondrat-ev.euidel-man:79:boundary-surface,
 author = {Kondrat{\cprime}ev, V. A. and \`Eu{i}del{\cprime}man, S. D.},
 fjournal = {Doklady Akademii Nauk SSSR},
 issn = {0002-3264},
 journal = {Dokl. Akad. Nauk SSSR},
 mrclass = {35J40},
 mrnumber = {543538},
 mrreviewer = {Ya. A. Rou{i}tberg},
 number = {4},
 pages = {812--815},
 title = {Boundary-surface conditions in the theory of elliptic boundary value problems},
 volume = {246},
 year = {1979}
}
