@article{kong.shen:11:positive,
 author = {Kong, Liang and Shen, Wenxian},
 doi = {10.4310/MAA.2011.v18.n4.a5},
 fjournal = {Methods and Applications of Analysis},
 issn = {1073-2772,1945-0001},
 journal = {Methods Appl. Anal.},
 mrclass = {35K57 (35B09 92D25)},
 mrnumber = {2965986},
 mrreviewer = {Juraj\ F\"{o}ldes},
 number = {4},
 pages = {427--456},
 title = {Positive stationary solutions and spreading speeds of
{KPP} equations in locally spatially inhomogeneous media},
 url = {https://doi.org/10.4310/MAA.2011.v18.n4.a5},
 volume = {18},
 year = {2011}
}
