@article{konig.morters:02:brownian,
  author        = {K\"{o}nig, Wolfgang and M\"{o}rters, Peter},
  doi           = {10.1214/aop/1039548368},
  fjournal      = {The Annals of Probability},
  issn          = {0091-1798},
  journal       = {Ann. Probab.},
  mrclass       = {60J65 (60G17 60J55)},
  mrnumber      = {1944002},
  mrreviewer    = {Yimin Xiao},
  number        = {4},
  pages         = {1605--1656},
  title         = {Brownian intersection local times: upper tail asymptotics and thick points},
  url           = {https://doi.org/10.1214/aop/1039548368},
  volume        = {30},
  year          = {2002}
}
