@article{konno.shiga:88:stochastic,
 author = {Konno, N. and Shiga, T.},
 doi = {10.1007/BF00320919},
 fjournal = {Probability Theory and Related Fields},
 issn = {0178-8051},
 journal = {Probab. Theory Related Fields},
 mrclass = {60H15 (60J60)},
 mrnumber = {958288},
 mrreviewer = {Ali S\"{u}leyman \"{U}st\"{u}nel},
 number = {2},
 pages = {201--225},
 title = {Stochastic partial differential equations for some measure-valued diffusions},
 url = {https://doi.org/10.1007/BF00320919},
 volume = {79},
 year = {1988}
}
