@article{kontsevich.suhov:07:on,
  author        = {Kontsevich, M. and Suhov, Y.},
  doi           = {10.1134/S0081543807030108},
  fjournal      = {Trudy Matematicheskogo Instituta Imeni V. A. Steklova},
  issn          = {0371-9685},
  journal       = {Tr. Mat. Inst. Steklova},
  mrclass       = {58J65 (58J52 60H07 60K35 81T40)},
  mrnumber      = {2400527},
  mrreviewer    = {Robert Otto Bauer},
  number        = {Anal. i Osob. Ch. 1},
  pages         = {107--153},
  title         = {On {M}alliavin measures, {SLE}, and {CFT}},
  url           = {https://doi.org/10.1134/S0081543807030108},
  volume        = {258},
  year          = {2007}
}
