@article{korteweg.vries:95:on,
 author = {Korteweg, D. J. and de Vries, G.},
 doi = {10.1080/14786449508620739},
 fjournal = {The London, Edinburgh, and Dublin Philosophical Magazine and Journal of Sciences. Fifth Series},
 issn = {1941-5982},
 journal = {Philos. Mag. (5)},
 mrclass = {35Q53 (76B15 76D33)},
 mrnumber = {3363408},
 number = {240},
 pages = {422--443},
 title = {On the change of form of long waves advancing in a rectangular canal, and on a new type of long stationary waves},
 url = {https://doi.org/10.1080/14786449508620739},
 volume = {39},
 year = {1895}
}
