@article{kostov:91:loop,
  author        = {Kostov, I. K.},
  doi           = {10.1016/0370-2693(91)91047-Y},
  fjournal      = {Physics Letters. B. Particle Physics, Nuclear Physics and Cosmology},
  issn          = {0370-2693},
  journal       = {Phys. Lett. B},
  mrclass       = {81T40},
  mrnumber      = {1126824},
  number        = {3-4},
  pages         = {317--324},
  title         = {Loop amplitudes for nonrational string theories},
  url           = {https://doi.org/10.1016/0370-2693(91)91047-Y},
  volume        = {266},
  year          = {1991}
}
