@article{kotelenez:92:comparison,
 author = {Kotelenez, Peter},
 doi = {10.1007/BF01195385},
 fjournal = {Probability Theory and Related Fields},
 issn = {0178-8051},
 journal = {Probab. Theory Related Fields},
 mrclass = {60H15 (35R15 35R60)},
 mrnumber = {1172936},
 mrreviewer = {Ralf Manthey},
 number = {1},
 pages = {1--19},
 title = {Comparison methods for a class of function valued stochastic partial differential equations},
 url = {https://doi.org/10.1007/BF01195385},
 volume = {93},
 year = {1992}
}
