@book{kothe:79:topological,
  author        = {K\"{o}the, Gottfried},
  isbn          = {0-387-90400-X},
  mrclass       = {46-02 (45M05 46Axx)},
  mrnumber      = {551623},
  mrreviewer    = {D. J. H. Garling},
  pages         = {xii+331},
  publisher     = {Springer-Verlag, New York-Berlin},
  series        = {Grundlehren der Mathematischen Wissenschaften},
  title         = {Topological vector spaces. {II}},
  volume        = {237},
  year          = {1979}
}
