@book{kozlov.maz-ya.ea:97:elliptic,
 author = {Kozlov, V. A. and Maz{\cprime}ya, V. G. and Rossmann, J.},
 doi = {10.1090/surv/052},
 isbn = {0-8218-0754-4},
 mrclass = {35J40 (35A20 35S15 46N20 47F05)},
 mrnumber = {1469972},
 mrreviewer = {M. S. Agranovich},
 pages = {x+414},
 publisher = {American Mathematical Society, Providence, RI},
 series = {Mathematical Surveys and Monographs},
 title = {Elliptic boundary value problems in domains with point singularities},
 url = {https://doi.org/10.1090/surv/052},
 volume = {52},
 year = {1997}
}
