@article{krageloh:03:two,
  author        = {Kr\"{a}geloh, Alexander M.},
  doi           = {10.1016/S0022-247X(03)00269-5},
  fjournal      = {Journal of Mathematical Analysis and Applications},
  issn          = {0022-247X},
  journal       = {J. Math. Anal. Appl.},
  mrclass       = {47A60 (47D06)},
  mrnumber      = {1991820},
  mrreviewer    = {J. A. van Casteren},
  number        = {2},
  pages         = {459--467},
  title         = {Two families of functions related to the fractional powers of generators of strongly continuous contraction semigroups},
  url           = {https://doi.org/10.1016/S0022-247X(03)00269-5},
  volume        = {283},
  year          = {2003}
}
