@article{krapf.metzler:19:strange-interfacial-molecular-dynamics,
  author        = {Krapf, Diego and Metzler, Ralf},
  doi           = {10.1063/PT.3.4294},
  eprint        = {https://pubs.aip.org/physicstoday/article-pdf/72/9/48/16664699/48\_1\_online.pdf},
  issn          = {0031-9228},
  journal       = {Physics Today},
  month         = {09},
  number        = {9},
  pages         = {48--54},
  title         = {{Strange interfacial molecular dynamics}},
  url           = {https://doi.org/10.1063/PT.3.4294},
  volume        = {72},
  year          = {2019}
}
