@article{krishnan.quastel:18:tracy-widom,
 author = {Krishnan, Arjun and Quastel, Jeremy},
 doi = {10.1214/18-AAP1404},
 fjournal = {The Annals of Applied Probability},
 issn = {1050-5164},
 journal = {Ann. Appl. Probab.},
 mrclass = {60K35 (60K37 82D60)},
 mrnumber = {3861825},
 number = {6},
 pages = {3736--3764},
 title = {Tracy-{W}idom fluctuations for perturbations of the log-gamma polymer in intermediate disorder},
 url = {https://doi.org/10.1214/18-AAP1404},
 volume = {28},
 year = {2018}
}
