@book{krishnapur:06:zeros,
  author        = {Krishnapur, Manjunath Ramanatha},
  isbn          = {978-0542-82538-5},
  mrclass       = {Thesis},
  mrnumber      = {2709142},
  note          = {Thesis (Ph.D.)--University of California, Berkeley},
  pages         = {76},
  publisher     = {ProQuest LLC, Ann Arbor, MI},
  title         = {Zeros of random analytic functions},
  url           = {http://gateway.proquest.com/openurl?url_ver=Z39.88-2004&rft_val_fmt=info:ofi/fmt:kev:mtx:dissertation&res_dat=xri:pqdiss&rft_dat=xri:pqdiss:3228387},
  year          = {2006}
}
