@article{krug.spohn:91:kinetic,
  author        = {Krug, J and Spohn, H},
  journal       = {Solids far from equilibrium},
  pages         = {479--582},
  publisher     = {Cambridge Univ. Press},
  title         = {Kinetic roughening of growing surfaces},
  year          = {1991}
}
