@incollection{krylov:99:analytic,
 author = {Krylov, N. V.},
 booktitle = {Stochastic partial differential equations: six perspectives},
 doi = {10.1090/surv/064/05},
 mrclass = {60H15 (35R60)},
 mrnumber = {1661766},
 mrreviewer = {Sergey V. Lototsky},
 pages = {185--242},
 publisher = {Amer. Math. Soc., Providence, RI},
 series = {Math. Surveys Monogr.},
 title = {An analytic approach to {SPDE}s},
 url = {https://doi.org/10.1090/surv/064/05},
 volume = {64},
 year = {1999}
}
