@incollection{krylov.rozovski:81:on,
  author        = {Krylov, N. V. and Rozovski\u{\i}, B. L.},
  booktitle     = {Stochastic differential systems ({V}isegr\'{a}d, 1980)},
  mrclass       = {60J60 (60H20)},
  mrnumber      = {653654},
  mrreviewer    = {Constantin Tudor},
  pages         = {117--125},
  publisher     = {Springer, Berlin-New York},
  series        = {Lect. Notes Control Inf. Sci.},
  title         = {On the first integrals and {L}iouville equations for diffusion processes},
  volume        = {36},
  year          = {1981}
}
