@article{krylov:60:some,
  author        = {Krylov, V. Ju.},
  fjournal      = {Soviet Mathematics. Doklady},
  issn          = {0197-6788},
  journal       = {Soviet Math. Dokl.},
  mrclass       = {35.00},
  mrnumber      = {0118953},
  mrreviewer    = {J. Feldman},
  pages         = {760--763},
  title         = {Some properties of the distribution corresponding to the equation {$\partial u/\partial t=(-1)^{q+1} \partial ^{2q}u/\partial x^{2q}$}},
  volume        = {1},
  year          = {1960}
}
