@article{kuczma:60:remarks,
 author = {Kuczma, M.},
 doi = {10.4064/ap-8-3-277-284},
 fjournal = {Polska Akademia Nauk. Annales Polonici Mathematici},
 issn = {0066-2216},
 journal = {Ann. Polon. Math.},
 mrclass = {39.30},
 mrnumber = {132938},
 mrreviewer = {M. Hossz\'{u}},
 pages = {277--284},
 title = {Remarks on some functional equations},
 url = {https://doi.org/10.4064/ap-8-3-277-284},
 volume = {8},
 year = {1960}
}
