@article{kuehn.romano:19:scaling,
 author = {Kuehn, Christian and Romano, Francesco},
 doi = {10.1017/s0956792518000438},
 fjournal = {European Journal of Applied Mathematics},
 issn = {0956-7925,1469-4425},
 journal = {European J. Appl. Math.},
 mrclass = {35R60 (34G10 37G99 60H15)},
 mrnumber = {4001556},
 mrreviewer = {Le\ Chen},
 number = {5},
 pages = {853--868},
 title = {Scaling laws and warning signs for bifurcations of
{SPDE}s},
 url = {https://doi.org/10.1017/s0956792518000438},
 volume = {30},
 year = {2019}
}
