@article{kuelbs.li:02:functional,
  author        = {Kuelbs, J. and Li, Wenbo V.},
  doi           = {10.1023/A:1020696922183},
  fjournal      = {Journal of Theoretical Probability},
  issn          = {0894-9840,1572-9230},
  journal       = {J. Theoret. Probab.},
  mrclass       = {60J65 (60F17)},
  mrnumber      = {1937783},
  mrreviewer    = {Endre\ Cs\'{a}ki},
  number        = {4},
  pages         = {1007--1030},
  title         = {A functional {LIL} and some weighted occupation measure results for fractional {B}rownian motion},
  url           = {https://doi.org/10.1023/A:1020696922183},
  volume        = {15},
  year          = {2002}
}
