@incollection{kuijlaars:11:universality,
  author        = {Kuijlaars, A. B. J.},
  booktitle     = {The {O}xford handbook of random matrix theory},
  mrclass       = {60B20},
  mrnumber      = {2932626},
  mrreviewer    = {Florent Benaych-Georges},
  pages         = {103--134},
  publisher     = {Oxford Univ. Press, Oxford},
  title         = {Universality},
  year          = {2011}
}
