@book{kuksin.shirikyan:12:mathematics,
 author = {Kuksin, Sergei and Shirikyan, Armen},
 doi = {10.1017/CBO9781139137119},
 isbn = {978-1-107-02282-9},
 mrclass = {76-02 (37L55 60H30 76F02 76M35)},
 mrnumber = {3443633},
 mrreviewer = {Piotr Biler},
 pages = {xvi+320},
 publisher = {Cambridge University Press, Cambridge},
 series = {Cambridge Tracts in Mathematics},
 title = {Mathematics of two-dimensional turbulence},
 url = {https://doi.org/10.1017/CBO9781139137119},
 volume = {194},
 year = {2012}
}
