@article{kulik.peszat.ea:23:gradient,
 author = {Kulik, Alexei M. and Peszat, Szymon and Priola, Enrico},
 doi = {10.1007/s00030-022-00810-2},
 fjournal = {NoDEA. Nonlinear Differential Equations and Applications},
 issn = {1021-9722,1420-9004},
 journal = {NoDEA Nonlinear Differential Equations Appl.},
 mrclass = {60H10 (60G51 60H07 60J76)},
 mrnumber = {4505173},
 mrreviewer = {Kai\ He},
 number = {1},
 pages = {Paper No. 7, 27},
 title = {Gradient formula for transition semigroup corresponding to
stochastic equation driven by a system of independent
{L}\'{e}vy processes},
 url = {https://doi.org/10.1007/s00030-022-00810-2},
 volume = {30},
 year = {2023}
}
