@article{kulik.scheutzow:20:well-posedness,
 author = {Kulik, Alexei and Scheutzow, Michael},
 doi = {10.1214/20-AOP1449},
 fjournal = {The Annals of Probability},
 issn = {0091-1798},
 journal = {Ann. Probab.},
 mrclass = {34K50 (34K27 60H25 60J25)},
 mrnumber = {4164460},
 mrreviewer = {Anatoly V. Swishchuk},
 number = {6},
 pages = {3041--3076},
 title = {Well-posedness, stability and sensitivities for stochastic delay equations: a generalized coupling approach},
 url = {https://doi.org/10.1214/20-AOP1449},
 volume = {48},
 year = {2020}
}
