@article{kulkarni.zeitouni:95:general,
 author = {Kulkarni, Sanjeev R. and Zeitouni, Ofer},
 doi = {10.1214/aos/1176324714},
 fjournal = {The Annals of Statistics},
 issn = {0090-5364,2168-8966},
 journal = {Ann. Statist.},
 mrclass = {62F03 (62G10 62G20)},
 mrnumber = {1353511},
 mrreviewer = {M.\ Hu\v{s}kov\'{a}},
 number = {4},
 pages = {1393--1407},
 title = {A general classification rule for probability measures},
 url = {https://doi.org/10.1214/aos/1176324714},
 volume = {23},
 year = {1995}
}
