@article{kumar.nane:18:on,
 author = {Kumar, Arun and Nane, Erkan},
 doi = {10.15559/18-vmsta108},
 fjournal = {Modern Stochastics. Theory and Applications},
 issn = {2351-6046},
 journal = {Mod. Stoch. Theory Appl.},
 mrclass = {60E07 (60G22)},
 mrnumber = {3914729},
 number = {4},
 pages = {509--519},
 title = {On the infinite divisibility of distributions of some inverse subordinators},
 url = {https://doi.org/10.15559/18-vmsta108},
 volume = {5},
 year = {2018}
}
