@book{kunita:97:stochastic,
 author = {Kunita, Hiroshi},
 isbn = {0-521-35050-6; 0-521-59925-3},
 mrclass = {60H10 (35R60 60H15)},
 mrnumber = {1472487},
 note = {Reprint of the 1990 original},
 pages = {xiv+346},
 publisher = {Cambridge University Press, Cambridge},
 series = {Cambridge Studies in Advanced Mathematics},
 title = {Stochastic flows and stochastic differential equations},
 volume = {24},
 year = {1997}
}
