@article{kunita:81:on,
  author        = {Kunita, Hiroshi},
  doi           = {10.1080/17442508208833209},
  fjournal      = {Stochastics},
  issn          = {0090-9491},
  journal       = {Stochastics},
  mrclass       = {60H10},
  mrnumber      = {665405},
  mrreviewer    = {Jean-Michel Bismut},
  number        = {3-4},
  pages         = {293--313},
  title         = {On backward stochastic differential equations},
  url           = {https://doi.org/10.1080/17442508208833209},
  volume        = {6},
  year          = {1981/82}
}
