@incollection{kunstmann.weis:04:maximal,
  author        = {Kunstmann, Peer C. and Weis, Lutz},
  booktitle     = {Functional analytic methods for evolution equations},
  doi           = {10.1007/978-3-540-44653-8\_2},
  mrclass       = {47D06 (34G10 35D10 35J55 35K20 35K90 42B20 47A60)},
  mrnumber      = {2108959},
  mrreviewer    = {Xuan Thinh Duong},
  pages         = {65--311},
  publisher     = {Springer, Berlin},
  series        = {Lecture Notes in Math.},
  title         = {Maximal {$L_p$}-regularity for parabolic equations, {F}ourier multiplier theorems and {$H^infty$}-functional calculus},
  url           = {https://doi.org/10.1007/978-3-540-44653-8_2},
  volume        = {1855},
  year          = {2004}
}
