@book{kuo:75:gaussian,
  author        = {Kuo, Hui Hsiung},
  mrclass       = {60G15 (28A40 60B05)},
  mrnumber      = {0461643},
  mrreviewer    = {Albert Tortrat},
  pages         = {vi+224},
  publisher     = {Springer-Verlag, Berlin-New York},
  series        = {Lecture Notes in Mathematics, Vol. 463},
  title         = {Gaussian measures in {B}anach spaces},
  year          = {1975}
}
