@article{kupiainen.marcozzi:17:renormalization,
  author        = {Kupiainen, Antti and Marcozzi, Matteo},
  doi           = {10.1007/s10955-016-1636-3},
  fjournal      = {Journal of Statistical Physics},
  issn          = {0022-4715},
  journal       = {J. Stat. Phys.},
  mrclass       = {82C28},
  mrnumber      = {3607594},
  number        = {3-4},
  pages         = {876--902},
  title         = {Renormalization of generalized {KPZ} equation},
  url           = {https://doi.org/10.1007/s10955-016-1636-3},
  volume        = {166},
  year          = {2017}
}
