@article{kupiainen.rhodes.ea:18:dozz,
  author        = {Kupiainen, Antti and Rhodes, R\'emi and Vargas, Vincent},
  doi           = {10.1007/jhep05(2018)094},
  fjournal      = {Journal of High Energy Physics},
  issn          = {1126-6708,1029-8479},
  journal       = {J. High Energy Phys.},
  mrclass       = {81T40 (83C47)},
  mrnumber      = {3832670},
  mrreviewer    = {Lance\ W.\ Nielsen},
  number        = {5},
  pages         = {094, front matter+23},
  title         = {The {DOZZ} formula from the path integral},
  url           = {https://doi.org/10.1007/jhep05(2018)094},
  year          = {2018}
}
