@article{kupiainen:16:renormalization,
 author = {Kupiainen, Antti},
 doi = {10.1007/s00023-015-0408-y},
 fjournal = {Annales Henri Poincar\'{e}. A Journal of Theoretical and
Mathematical Physics},
 issn = {1424-0637},
 journal = {Ann. Henri Poincar\'{e}},
 mrclass = {35R60 (35A30 35K91 81T17)},
 mrnumber = {3459120},
 mrreviewer = {Le Chen},
 number = {3},
 pages = {497--535},
 title = {Renormalization group and stochastic {PDE}s},
 url = {https://doi.org/10.1007/s00023-015-0408-y},
 volume = {17},
 year = {2016}
}
