@article{kurt.shen:23:chemotaxis,
 author = {Kurt, Halil Ibrahim and Shen, Wenxian},
 doi = {10.1016/j.nonrwa.2022.103762},
 fjournal = {Nonlinear Analysis. Real World Applications. An
International Multidisciplinary Journal},
 issn = {1468-1218,1878-5719},
 journal = {Nonlinear Anal. Real World Appl.},
 mrclass = {35Q92},
 mrnumber = {4489287},
 pages = {Paper No. 103762, 27},
 title = {Chemotaxis systems with singular sensitivity and logistic
source: boundedness, persistence, absorbing set, and entire
solutions},
 url = {https://doi.org/10.1016/j.nonrwa.2022.103762},
 volume = {69},
 year = {2023}
}
