@article{kurt:25:boundedness,
  author        = {Kurt, Halil Ibrahim},
  doi           = {10.1016/j.jde.2024.10.027},
  fjournal      = {Journal of Differential Equations},
  issn          = {0022-0396},
  journal       = {J. Differential Equations},
  mrclass       = {35B45 (35B44 35K55 35M32 35Q92 92C17)},
  mrnumber      = {4816538},
  number        = {part 2},
  pages         = {1429--1461},
  title         = {Boundedness in a chemotaxis system with weak singular sensitivity and logistic kinetics in any dimensional setting},
  url           = {https://doi.org/10.1016/j.jde.2024.10.027},
  volume        = {416},
  year          = {2025}
}
