@article{kurtz:77:strong,
  author        = {Kurtz, Thomas G.},
  doi           = {10.1016/0304-4149(78)90020-0},
  fjournal      = {Stochastic Processes and their Applications},
  issn          = {0304-4149},
  journal       = {Stochastic Process. Appl.},
  mrclass       = {60J70 (92A15)},
  mrnumber      = {464414},
  mrreviewer    = {Andrew D. Barbour},
  number        = {3},
  pages         = {223--240},
  title         = {Strong approximation theorems for density dependent {M}arkov chains},
  url           = {https://doi.org/10.1016/0304-4149(78)90020-0},
  volume        = {6},
  year          = {1977/78}
}
