@book{kurtz:81:approximation,
 author = {Kurtz, Thomas G.},
 isbn = {0-89871-169-X},
 mrclass = {60J80 (60B10 60F17 60Jxx 92A15)},
 mrnumber = {610982},
 mrreviewer = {Andrew D. Barbour},
 pages = {vii+75},
 publisher = {Society for Industrial and Applied Mathematics (SIAM),
Philadelphia, Pa.},
 series = {CBMS-NSF Regional Conference Series in Applied
Mathematics},
 title = {Approximation of population processes},
 volume = {36},
 year = {1981}
}
