@article{kurtz.xiong:99:particle,
  author        = {Kurtz, Thomas G. and Xiong, Jie},
  doi           = {10.1016/S0304-4149(99)00024-1},
  fjournal      = {Stochastic Processes and their Applications},
  issn          = {0304-4149},
  journal       = {Stochastic Process. Appl.},
  mrclass       = {60H15 (35R60 60K35)},
  mrnumber      = {1705602},
  mrreviewer    = {Sylvie M\'{e}l\'{e}ard},
  number        = {1},
  pages         = {103--126},
  title         = {Particle representations for a class of nonlinear {SPDE}s},
  url           = {https://doi.org/10.1016/S0304-4149(99)00024-1},
  volume        = {83},
  year          = {1999}
}
