@article{kuto.osaki.ea:12:spatial,
 author = {Kuto, Kousuke and Osaki, Koichi and Sakurai, Tatsunari and Tsujikawa, Tohru},
 doi = {10.1016/j.physd.2012.06.009},
 fjournal = {Physica D. Nonlinear Phenomena},
 issn = {0167-2789},
 journal = {Phys. D},
 mrclass = {82C05},
 mrnumber = {2965808},
 number = {19},
 pages = {1629--1639},
 title = {Spatial pattern formation in a chemotaxis-diffusion-growth model},
 url = {https://doi.org/10.1016/j.physd.2012.06.009},
 volume = {241},
 year = {2012}
}
