@article{kuzgun.tao:24:time-dependent,
  author        = {Sefika Kuzgun and Ran Tao},
  journal       = {Preprint arXiv:2411.09058},
  month         = {November},
  title         = {Time-dependent averages of a critical long-range stochastic heat equation},
  url           = {http://arXiv.org/abs/2411.09058},
  year          = {2024}
}
