@article{labbe:14:from,
  author        = {Labb\'{e}, Cyril},
  doi           = {10.1214/EJP.v19-3192},
  fjournal      = {Electronic Journal of Probability},
  journal       = {Electron. J. Probab.},
  mrclass       = {60J25 (60G09 92D25)},
  mrnumber      = {3227064},
  mrreviewer    = {Shuhei Mano},
  pages         = {no. 55, 49},
  title         = {From flows of {$\Lambda$}-{F}leming-{V}iot processes to lookdown processes via flows of partitions},
  url           = {https://doi.org/10.1214/EJP.v19-3192},
  volume        = {19},
  year          = {2014}
}
