@article{labbe.lacoin:20:mixing,
 author = {Labb\'{e}, Cyril and Lacoin, Hubert},
 doi = {10.1214/19-AAP1545},
 fjournal = {The Annals of Applied Probability},
 issn = {1050-5164},
 journal = {Ann. Appl. Probab.},
 mrclass = {60J27 (37A60 82C22)},
 mrnumber = {4132639},
 number = {4},
 pages = {1847--1883},
 title = {Mixing time and cutoff for the weakly asymmetric simple
exclusion process},
 url = {https://doi.org/10.1214/19-AAP1545},
 volume = {30},
 year = {2020}
}
