@article{lacaux.muller-gueudin.ea:14:convergence,
 author = {Lacaux, C\'{e}line and Muller-Gueudin, Aur\'{e}lie and Ranta, Radu and Tindel, Samy},
 doi = {10.1007/s00184-013-0451-y},
 fjournal = {Metrika. International Journal for Theoretical and Applied Statistics},
 issn = {0026-1335},
 journal = {Metrika},
 mrclass = {62G05 (62G20 65T60)},
 mrnumber = {3192043},
 mrreviewer = {Jean-Michel Poggi},
 number = {4},
 pages = {509--537},
 title = {Convergence and performance of the peeling wavelet denoising algorithm},
 url = {https://doi.org/10.1007/s00184-013-0451-y},
 volume = {77},
 year = {2014}
}
