@article{lacey.philipp:90:note,
 author = {Lacey, Michael T. and Philipp, Walter},
 doi = {10.1016/0167-7152(90)90056-D},
 fjournal = {Statistics \& Probability Letters},
 issn = {0167-7152},
 journal = {Statist. Probab. Lett.},
 mrclass = {60F15 (60F05)},
 mrnumber = {1045184},
 mrreviewer = {Peter Schatte},
 number = {3},
 pages = {201--205},
 title = {A note on the almost sure central limit theorem},
 url = {https://doi.org/10.1016/0167-7152(90)90056-D},
 volume = {9},
 year = {1990}
}
