@article{lachal:03:distributions,
  author        = {Lachal, Aim\'{e}},
  doi           = {10.1214/EJP.v8-178},
  fjournal      = {Electronic Journal of Probability},
  issn          = {1083-6489},
  journal       = {Electron. J. Probab.},
  mrclass       = {60G20 (60J25)},
  mrnumber      = {2041821},
  mrreviewer    = {Youngmee Kwon},
  pages         = {no. 20, 53},
  title         = {Distributions of sojourn time, maximum and minimum for pseudo-processes governed by higher-order heat-type equations},
  url           = {https://doi.org/10.1214/EJP.v8-178},
  volume        = {8},
  year          = {2003}
}
