@article{lacker:18:liquidity,
  author        = {Lacker, Daniel},
  doi           = {10.1287/moor.2017.0885},
  fjournal      = {Mathematics of Operations Research},
  issn          = {0364-765X},
  journal       = {Math. Oper. Res.},
  mrclass       = {91B30 (60E15)},
  mrnumber      = {3846074},
  mrreviewer    = {Giovanni Puccetti},
  number        = {3},
  pages         = {813--837},
  title         = {Liquidity, risk measures, and concentration of measure},
  url           = {https://doi.org/10.1287/moor.2017.0885},
  volume        = {43},
  year          = {2018}
}
