@article{lacoin.rhodes.ea:17:semiclassical,
 author = {Lacoin, Hubert and Rhodes, R\'emi and Vargas, Vincent},
 doi = {10.1016/j.jfa.2017.04.012},
 fjournal = {Journal of Functional Analysis},
 issn = {0022-1236,1096-0783},
 journal = {J. Funct. Anal.},
 mrclass = {81R12},
 mrnumber = {3653942},
 mrreviewer = {Dmitry\ Beliaev},
 number = {3},
 pages = {875--916},
 title = {Semiclassical limit of {L}iouville field theory},
 url = {https://doi.org/10.1016/j.jfa.2017.04.012},
 volume = {273},
 year = {2017}
}
