@article{lacoin:22:convergence,
  author        = {Lacoin, Hubert},
  doi           = {10.1214/21-aop1551},
  fjournal      = {The Annals of Probability},
  issn          = {0091-1798,2168-894X},
  journal       = {Ann. Probab.},
  mrclass       = {60G15 (60G60 60H40)},
  mrnumber      = {4413209},
  mrreviewer    = {Olga\ Izyumtseva},
  number        = {3},
  pages         = {950--983},
  title         = {Convergence in law for complex {G}aussian multiplicative chaos in phase {III}},
  url           = {https://doi.org/10.1214/21-aop1551},
  volume        = {50},
  year          = {2022}
}
