@article{lacoin:10:hierarchical,
 author = {Lacoin, Hubert},
 doi = {10.1007/s00440-009-0226-6},
 fjournal = {Probability Theory and Related Fields},
 issn = {0178-8051,1432-2064},
 journal = {Probab. Theory Related Fields},
 mrclass = {60K37 (37H99 82B44)},
 mrnumber = {2653225},
 number = {1-2},
 pages = {159--175},
 title = {Hierarchical pinning model with site disorder: disorder is marginally relevant},
 url = {https://doi.org/10.1007/s00440-009-0226-6},
 volume = {148},
 year = {2010}
}
