@article{lacoin.yang:24:mixing,
  author        = {Lacoin, Hubert and Yang, Shangjie},
  doi           = {10.1214/23-aap1967},
  fjournal      = {The Annals of Applied Probability},
  issn          = {1050-5164,2168-8737},
  journal       = {Ann. Appl. Probab.},
  mrclass       = {60K37 (60J27)},
  mrnumber      = {4696281},
  number        = {1A},
  pages         = {388--427},
  title         = {Mixing time for the asymmetric simple exclusion process in a random environment},
  url           = {https://doi.org/10.1214/23-aap1967},
  volume        = {34},
  year          = {2024}
}
