@article{lacoin:18:wetting,
 author = {Lacoin, Hubert},
 doi = {10.1007/s00220-018-3162-4},
 fjournal = {Communications in Mathematical Physics},
 issn = {0010-3616,1432-0916},
 journal = {Comm. Math. Phys.},
 mrclass = {82D20 (82B21 82B24 82B26)},
 mrnumber = {3845294},
 mrreviewer = {Uwe\ C.\ T\"auber},
 number = {3},
 pages = {1007--1048},
 title = {Wetting and layering for solid-on-solid {I}:
{I}dentification of the wetting point and critical
behavior},
 url = {https://doi.org/10.1007/s00220-018-3162-4},
 volume = {362},
 year = {2018}
}
