@article{lacoin:13:approximate,
 author = {Lacoin, Hubert},
 doi = {10.1007/s00220-013-1667-4},
 fjournal = {Communications in Mathematical Physics},
 issn = {0010-3616,1432-0916},
 journal = {Comm. Math. Phys.},
 mrclass = {82C20},
 mrnumber = {3020159},
 number = {2},
 pages = {291--305},
 title = {Approximate {L}ifshitz law for the zero-temperature
stochastic {I}sing model in any dimension},
 url = {https://doi.org/10.1007/s00220-013-1667-4},
 volume = {318},
 year = {2013}
}
