@article{lacoin:12:superdiffusivity,
  author        = {Lacoin, Hubert},
  doi           = {10.1214/11-AIHP457},
  fjournal      = {Annales de l'Institut Henri Poincar\'e{} Probabilit\'es et Statistiques},
  issn          = {0246-0203,1778-7017},
  journal       = {Ann. Inst. Henri Poincar\'e{} Probab. Stat.},
  mrclass       = {60K37 (60J65 82B44 82D60)},
  mrnumber      = {3052457},
  mrreviewer    = {Noemi\ Kurt},
  number        = {4},
  pages         = {1029--1048},
  title         = {Superdiffusivity for {B}rownian motion in a {P}oissonian potential with long range correlation {II}: {U}pper bound on the volume exponent},
  url           = {https://doi.org/10.1214/11-AIHP457},
  volume        = {48},
  year          = {2012}
}
