@article{lacoin.yang:22:metastability,
 author = {Lacoin, Hubert and Yang, Shangjie},
 doi = {10.1214/21-aap1763},
 fjournal = {The Annals of Applied Probability},
 issn = {1050-5164,2168-8737},
 journal = {Ann. Appl. Probab.},
 mrclass = {60K35 (82C20 82C24)},
 mrnumber = {4497849},
 number = {5},
 pages = {3408--3449},
 title = {Metastability for expanding bubbles on a sticky
substrate},
 url = {https://doi.org/10.1214/21-aap1763},
 volume = {32},
 year = {2022}
}
