@article{lacoin:20:wetting,
 author = {Lacoin, Hubert},
 doi = {10.5802/jep.110},
 fjournal = {Journal de l'\'Ecole polytechnique. Math\'ematiques},
 issn = {2429-7100,2270-518X},
 journal = {J. \'Ec. polytech. Math.},
 mrclass = {82B27 (60K35 60K37 82B44)},
 mrnumber = {4033749},
 pages = {1--62},
 title = {Wetting and layering for solid-on-solid {II}: {L}ayering
transitions, {G}ibbs states, and regularity of the free
energy},
 url = {https://doi.org/10.5802/jep.110},
 volume = {7},
 year = {2020}
}
