@incollection{lacoin:23:mixing,
 author = {Lacoin, Hubert},
 booktitle = {I{CM}---{I}nternational {C}ongress of {M}athematicians. {V}ol. 6. {S}ections 12--14},
 isbn = {978-3-98547-064-8; 978-3-98547-564-3; 978-3-98547-058-7},
 mrclass = {60J10 (37L60 82C20)},
 mrnumber = {4680406},
 pages = {4350--4374},
 publisher = {EMS Press, Berlin},
 title = {Mixing time and cutoff for one-dimensional particle systems},
 year = {[2023] \copyright 2023}
}
