@incollection{lacoin:14:scaling*1,
 author = {Lacoin, Hubert},
 booktitle = {Topics in percolative and disordered systems},
 doi = {10.1007/978-1-4939-0339-9\_4},
 isbn = {978-1-4939-0339-9; 978-1-4939-0338-2},
 mrclass = {82B20 (60K35)},
 mrnumber = {3229287},
 mrreviewer = {N.\ N.\ Ganikhodjaev},
 pages = {85--120},
 publisher = {Springer, New York},
 series = {Springer Proc. Math. Stat.},
 title = {The scaling limit for zero-temperature planar {I}sing droplets: with and without magnetic fields},
 url = {https://doi.org/10.1007/978-1-4939-0339-9_4},
 volume = {69},
 year = {2014}
}
