@incollection{lacoin.morters:12:scaling,
 author = {Lacoin, Hubert and M\"orters, Peter},
 booktitle = {Probability in complex physical systems},
 doi = {10.1007/978-3-642-23811-6\_10},
 isbn = {978-3-642-23811-6; 978-3-642-23810-9},
 mrclass = {60H25 (60F05 60F10 60F15 82C44)},
 mrnumber = {3372851},
 mrreviewer = {Achim\ Klenke},
 pages = {247--272},
 publisher = {Springer, Heidelberg},
 series = {Springer Proc. Math.},
 title = {A scaling limit theorem for the parabolic {A}nderson model
with exponential potential},
 url = {https://doi.org/10.1007/978-3-642-23811-6_10},
 volume = {11},
 year = {2012}
}
