@article{lacoin:17:simple,
 author = {Lacoin, Hubert},
 doi = {10.1214/16-AIHP759},
 fjournal = {Annales de l'Institut Henri Poincar\'e{} Probabilit\'es et Statistiques},
 issn = {0246-0203,1778-7017},
 journal = {Ann. Inst. Henri Poincar\'e{} Probab. Stat.},
 mrclass = {82B20 (60K35 82B44)},
 mrnumber = {3689972},
 mrreviewer = {Rongfeng\ Sun},
 number = {3},
 pages = {1402--1437},
 title = {The simple exclusion process on the circle has a diffusive cutoff window},
 url = {https://doi.org/10.1214/16-AIHP759},
 volume = {53},
 year = {2017}
}
