@incollection{lacoin.toninelli:09:smoothing,
  author        = {Lacoin, Hubert and Toninelli, Fabio Lucio},
  booktitle     = {Spin glasses: statics and dynamics},
  doi           = {10.1007/978-3-7643-9891-0\_12},
  isbn          = {978-3-7643-8999-4},
  mrclass       = {82B20 (82B26 82B44)},
  mrnumber      = {2761990},
  pages         = {271--278},
  publisher     = {Birkh\"auser Verlag, Basel},
  series        = {Progr. Probab.},
  title         = {A smoothing inequality for hierarchical pinning models},
  url           = {https://doi.org/10.1007/978-3-7643-9891-0_12},
  volume        = {62},
  year          = {2009}
}
