@article{lacoin.rhodes.ea:22:semiclassical,
 author = {Lacoin, Hubert and Rhodes, R\'emi and Vargas, Vincent},
 doi = {10.5802/afst.1713},
 fjournal = {Annales de la Facult\'e{} des Sciences de Toulouse. Math\'ematiques. S\'erie 6},
 issn = {0240-2963,2258-7519},
 journal = {Ann. Fac. Sci. Toulouse Math. (6)},
 mrclass = {81T40 (60D05 81Q20)},
 mrnumber = {4506137},
 number = {4},
 pages = {1031--1083},
 title = {The semiclassical limit of {L}iouville conformal field theory},
 url = {https://doi.org/10.5802/afst.1713},
 volume = {31},
 year = {2022}
}
