@book{ladyzenskaja.solonnikov.ea:67:linei,
  author        = {Lady\v{z}enskaja, O. A. and Solonnikov, V. A. and Ural{\cprime}ceva, N. N.},
  mrclass       = {35.62},
  mrnumber      = {241821},
  pages         = {736},
  publisher     = {Izdat. ``Nauka'', Moscow},
  title         = {{\cyr Line\u{i}} {\cyr nye i kvaziline\u{i}} {\cyr nye uravneniya parabolicheskogo tipa}},
  year          = {1967}
}
