@article{lai.xiao:17:existence,
 author = {Lai, Yulin and Xiao, Youjun},
 fjournal = {Electronic Journal of Differential Equations},
 journal = {Electron. J. Differential Equations},
 mrclass = {35M33 (35B40 35Q92)},
 mrnumber = {3723527},
 pages = {Paper No. 254, 9},
 title = {Existence and asymptotic behavior of global solutions to chemorepulsion systems with nonlinear sensitivity},
 year = {2017}
}
