@article{lam.sander.ea:92:surface,
  author        = {Lam, Chi-Hang and Sander, Leonard M. and Wolf, Dietrich E.},
  doi           = {10.1103/PhysRevA.46.R6128},
  issue         = {10},
  journal       = {Phys. Rev. A},
  month         = {Nov},
  numpages      = {0},
  pages         = {R6128--R6131},
  publisher     = {American Physical Society},
  title         = {Surface growth with temporally correlated noise},
  url           = {https://link.aps.org/doi/10.1103/PhysRevA.46.R6128},
  volume        = {46},
  year          = {1992}
}
