@article{lam.sander:93:inverse,
  author        = {Lam, Chi-Hang and Sander, Leonard M.},
  doi           = {10.1103/PhysRevLett.71.561},
  issue         = {4},
  journal       = {Phys. Rev. Lett.},
  month         = {Jul},
  numpages      = {0},
  pages         = {561--564},
  publisher     = {American Physical Society},
  title         = {Inverse method for interface problems},
  url           = {https://link.aps.org/doi/10.1103/PhysRevLett.71.561},
  volume        = {71},
  year          = {1993}
}
