@article{lamarre:24:trace,
  author        = {Pierre Yves Gaudreau Lamarre},
  journal       = {Preprint arXiv:2405.12316},
  month         = {May},
  title         = {Trace Moments for Schr\"odinger Operators with Matrix White Noise and the Rigidity of the Multivariate Stochastic Airy Operator},
  url           = {http://arXiv.org/abs/2405.12316},
  year          = {2024}
}
