@article{lamarre.ghosal.ea:20:spectral,
 author = {Lamarre, Pierre Yves Gaudreau and Ghosal, Promit and Liao, Yuchen},
 doi = {10.1007/s00023-020-00921-5},
 fjournal = {Annales Henri Poincar\'{e}. A Journal of Theoretical and Mathematical Physics},
 issn = {1424-0637},
 journal = {Ann. Henri Poincar\'{e}},
 mrclass = {60G55 (47D08 82B44)},
 mrnumber = {4117493},
 number = {7},
 pages = {2259--2299},
 title = {Spectral rigidity of random {S}chr\"{o}dinger operators via {F}eynman-{K}ac formulas},
 url = {https://doi.org/10.1007/s00023-020-00921-5},
 volume = {21},
 year = {2020}
}
