@article{lan.xiao:19:regularity,
  author        = {Lan, Xiaohong and Xiao, Yimin},
  doi           = {10.1016/j.jmaa.2019.01.077},
  fjournal      = {Journal of Mathematical Analysis and Applications},
  issn          = {0022-247X,1096-0813},
  journal       = {J. Math. Anal. Appl.},
  mrclass       = {60H15 (35B65 35R60 60G22)},
  mrnumber      = {3944417},
  mrreviewer    = {Mar\'{i}a\ J.\ Garrido-Atienza},
  number        = {1},
  pages         = {27--52},
  title         = {Regularity properties of the solution to a stochastic heat equation driven by a fractional {G}aussian noise on {$\Bbb{S}^2$}},
  url           = {https://doi.org/10.1016/j.jmaa.2019.01.077},
  volume        = {476},
  year          = {2019}
}
