@article{lan.marinucci.ea:18:strong,
 author = {Lan, Xiaohong and Marinucci, Domenico and Xiao, Yimin},
 doi = {10.1016/j.spa.2017.07.008},
 fjournal = {Stochastic Processes and their Applications},
 issn = {0304-4149,1879-209X},
 journal = {Stochastic Process. Appl.},
 mrclass = {60G60 (42C40 60G15 60G17)},
 mrnumber = {3769662},
 mrreviewer = {David\ Ginsbourger},
 number = {4},
 pages = {1294--1315},
 title = {Strong local nondeterminism and exact modulus of continuity for spherical {G}aussian fields},
 url = {https://doi.org/10.1016/j.spa.2017.07.008},
 volume = {128},
 year = {2018}
}
