@article{lancichinetti.fortunato:09:community,
 author = {Lancichinetti, Andrea and Fortunato, Santo},
 journal = {Physical review E},
 number = {5},
 pages = {056117},
 publisher = {APS},
 title = {Community detection algorithms: a comparative analysis},
 volume = {80},
 year = {2009}
}
