@book{landau.lifshitz:68:course,
 author = {Landau, L. D. and Lifshitz, E. M.},
 edition = {enlarged},
 mrclass = {82.00},
 mrnumber = {0242449},
 note = {Translated from the Russian by J. B. Sykes and M. J.
Kearsley},
 pages = {xii+484},
 publisher = {Pergamon Press, Oxford-Edinburgh-New York},
 title = {Course of theoretical physics. {V}ol. 5: {S}tatistical
physics},
 year = {1968}
}
