@article{landman.papanicolaou.ea:88:rate,
 author = {Landman, M. J. and Papanicolaou, G. C. and Sulem, C. and
Sulem, P.-L.},
 doi = {10.1103/PhysRevA.38.3837},
 fjournal = {Physical Review. A. Third Series},
 issn = {1050-2947},
 journal = {Phys. Rev. A (3)},
 mrclass = {35Q20},
 mrnumber = {966356},
 number = {8},
 pages = {3837--3843},
 title = {Rate of blowup for solutions of the nonlinear
{S}chr\"{o}dinger equation at critical dimension},
 url = {https://doi.org/10.1103/PhysRevA.38.3837},
 volume = {38},
 year = {1988}
}
