@article{lanjri-zadi.nualart:03:smoothness,
  author        = {Lanjri Zadi, Noureddine and Nualart, David},
  doi           = {10.1214/ECP.v8-1079},
  fjournal      = {Electronic Communications in Probability},
  issn          = {1083-589X},
  journal       = {Electron. Comm. Probab.},
  mrclass       = {60H07 (60G15)},
  mrnumber      = {2042749},
  mrreviewer    = {Vladimir I. Bogachev},
  pages         = {102--111},
  title         = {Smoothness of the law of the supremum of the fractional {B}rownian motion},
  url           = {https://doi.org/10.1214/ECP.v8-1079},
  volume        = {8},
  year          = {2003}
}
