@article{lankeit.lankeit:19:classical,
 author = {Lankeit, Elisa and Lankeit, Johannes},
 doi = {10.1016/j.nonrwa.2018.09.012},
 fjournal = {Nonlinear Analysis. Real World Applications. An International Multidisciplinary Journal},
 issn = {1468-1218},
 journal = {Nonlinear Anal. Real World Appl.},
 mrclass = {92C17 (35A09 35K51 35Q92)},
 mrnumber = {3887138},
 pages = {421--445},
 title = {Classical solutions to a logistic chemotaxis model with singular sensitivity and signal absorption},
 url = {https://doi.org/10.1016/j.nonrwa.2018.09.012},
 volume = {46},
 year = {2019}
}
