@article{lankeit.lankeit:19:on,
  author        = {Lankeit, Elisa and Lankeit, Johannes},
  doi           = {10.1088/1361-6544/aaf8c0},
  fjournal      = {Nonlinearity},
  issn          = {0951-7715},
  journal       = {Nonlinearity},
  mrclass       = {35K51 (92C17)},
  mrnumber      = {3942593},
  mrreviewer    = {Adrian Muntean},
  number        = {5},
  pages         = {1569--1596},
  title         = {On the global generalized solvability of a chemotaxis model with signal absorption and logistic growth terms},
  url           = {https://doi.org/10.1088/1361-6544/aaf8c0},
  volume        = {32},
  year          = {2019}
}
