@article{lankeit:17:locally,
  author        = {Lankeit, Johannes},
  doi           = {10.1016/j.jde.2016.12.007},
  fjournal      = {Journal of Differential Equations},
  issn          = {0022-0396},
  journal       = {J. Differential Equations},
  mrclass       = {35K51 (35A01 35K59 35K65 92C17)},
  mrnumber      = {3599425},
  number        = {7},
  pages         = {4052--4084},
  title         = {Locally bounded global solutions to a chemotaxis consumption model with singular sensitivity and nonlinear diffusion},
  url           = {https://doi.org/10.1016/j.jde.2016.12.007},
  volume        = {262},
  year          = {2017}
}
