@article{lankeit:16:new,
  author        = {Lankeit, Johannes},
  doi           = {10.1002/mma.3489},
  fjournal      = {Mathematical Methods in the Applied Sciences},
  issn          = {0170-4214},
  journal       = {Math. Methods Appl. Sci.},
  mrclass       = {35K40 (35A01 35Q92 92C17)},
  mrnumber      = {3454184},
  number        = {3},
  pages         = {394--404},
  title         = {A new approach toward boundedness in a two-dimensional parabolic chemotaxis system with singular sensitivity},
  url           = {https://doi.org/10.1002/mma.3489},
  volume        = {39},
  year          = {2016}
}
