@article{laptinskiui:68:certain,
  author        = {Laptinskiu{i}, V. N.},
  fjournal      = {Differencial{\cprime}nye Uravnenija},
  issn          = {0374-0641},
  journal       = {Differencial{\cprime}nye Uravnenija},
  mrclass       = {45.10},
  mrnumber      = {226320},
  mrreviewer    = {G. P. Szeg\"{o}},
  pages         = {368--369},
  title         = {A certain inequality},
  volume        = {4},
  year          = {1968}
}
