@article{last.simon:99:eigenfunctions,
  author        = {Last, Yoram and Simon, Barry},
  doi           = {10.1007/s002220050288},
  fjournal      = {Inventiones Mathematicae},
  issn          = {0020-9910,1432-1297},
  journal       = {Invent. Math.},
  mrclass       = {47B39 (34L05 34L40 47E05 81Q10)},
  mrnumber      = {1666767},
  mrreviewer    = {G\"unter\ Stolz},
  number        = {2},
  pages         = {329--367},
  title         = {Eigenfunctions, transfer matrices, and absolutely continuous spectrum of one-dimensional {S}chr\"odinger operators},
  url           = {https://doi.org/10.1007/s002220050288},
  volume        = {135},
  year          = {1999}
}
