@article{laurencot.mizoguchi:17:finite,
 author = {Lauren\c{c}ot, Philippe and Mizoguchi, Noriko},
 doi = {10.1016/j.anihpc.2015.11.002},
 fjournal = {Annales de l'Institut Henri Poincar\'{e} C. Analyse Non
Lin\'{e}aire},
 issn = {0294-1449},
 journal = {Ann. Inst. H. Poincar\'{e} C Anal. Non Lin\'{e}aire},
 mrclass = {35K51 (35B33 35B44 35K65 35Q92 92C17)},
 mrnumber = {3592684},
 mrreviewer = {Hongwei Chen},
 number = {1},
 pages = {197--220},
 title = {Finite time blowup for the parabolic-parabolic
{K}eller-{S}egel system with critical diffusion},
 url = {https://doi.org/10.1016/j.anihpc.2015.11.002},
 volume = {34},
 year = {2017}
}
