@incollection{lawler.schramm.ea:04:on,
 author = {Lawler, Gregory F. and Schramm, Oded and Werner,
Wendelin},
 booktitle = {Fractal geometry and applications: a jubilee of
{B}eno\^{i}t {M}andelbrot, {P}art 2},
 doi = {10.1090/pspum/072.2/2112127},
 mrclass = {82B41 (60K35 82B24)},
 mrnumber = {2112127},
 mrreviewer = {Christophe Giraud},
 pages = {339--364},
 publisher = {Amer. Math. Soc., Providence, RI},
 series = {Proc. Sympos. Pure Math.},
 title = {On the scaling limit of planar self-avoiding walk},
 url = {https://doi.org/10.1090/pspum/072.2/2112127},
 volume = {72},
 year = {2004}
}
