@article{lawler.werness:13:multi-point,
 author = {Lawler, Gregory F. and Werness, Brent M.},
 doi = {10.1214/11-AOP695},
 fjournal = {The Annals of Probability},
 issn = {0091-1798},
 journal = {Ann. Probab.},
 mrclass = {60J67},
 mrnumber = {3098683},
 mrreviewer = {Fredrik Johansson Viklund},
 number = {3A},
 pages = {1513--1555},
 title = {Multi-point {G}reen's functions for {SLE} and an estimate
of {B}effara},
 url = {https://doi.org/10.1214/11-AOP695},
 volume = {41},
 year = {2013}
}
