@article{lawler.werner:04:brownian,
 author = {Lawler, Gregory F. and Werner, Wendelin},
 doi = {10.1007/s00440-003-0319-6},
 fjournal = {Probability Theory and Related Fields},
 issn = {0178-8051},
 journal = {Probab. Theory Related Fields},
 mrclass = {60J65 (81T40)},
 mrnumber = {2045953},
 mrreviewer = {Andrea Posilicano},
 number = {4},
 pages = {565--588},
 title = {The {B}rownian loop soup},
 url = {https://doi.org/10.1007/s00440-003-0319-6},
 volume = {128},
 year = {2004}
}
