@article{lawler.trujillo-ferreras:07:random,
 author = {Lawler, Gregory F. and Trujillo Ferreras, Jos\'{e} A.},
 doi = {10.1090/S0002-9947-06-03916-X},
 fjournal = {Transactions of the American Mathematical Society},
 issn = {0002-9947},
 journal = {Trans. Amer. Math. Soc.},
 mrclass = {60G15 (60J65 82B41)},
 mrnumber = {2255196},
 number = {2},
 pages = {767--787},
 title = {Random walk loop soup},
 url = {https://doi.org/10.1090/S0002-9947-06-03916-X},
 volume = {359},
 year = {2007}
}
