@book{lawrentjew.schabat:67:methoden,
 author = {Lawrentjew, M. A. and Schabat, B. W.},
 mrclass = {30.00},
 mrnumber = {209447},
 note = {\"{U}bersetzung und wissenschaftliche Redaktion von Udo
Pirl, Reiner K\"{u}hnau und Lothar Wolfersdorf},
 pages = {x+846},
 publisher = {VEB Deutscher Verlag der Wissenschaften, Berlin},
 series = {Mathematik f\"{u}r Naturwissenschaft und Technik
[Mathematics for Science and Technology], Band 13},
 title = {Methoden der komplexen {F}unktionentheorie},
 year = {1967}
}
