@article{lax:75:periodic,
 author = {Lax, Peter D.},
 doi = {10.1002/cpa.3160280105},
 fjournal = {Communications on Pure and Applied Mathematics},
 issn = {0010-3640},
 journal = {Comm. Pure Appl. Math.},
 mrclass = {35Q99},
 mrnumber = {369963},
 mrreviewer = {Ronald DiPerna},
 pages = {141--188},
 title = {Periodic solutions of the {K}d{V} equation},
 url = {https://doi.org/10.1002/cpa.3160280105},
 volume = {28},
 year = {1975}
}
