@article{le-gall:95:brownian,
  author        = {Le Gall, Jean-Fran\c{c}ois},
  doi           = {10.1007/BF01192468},
  fjournal      = {Probability Theory and Related Fields},
  issn          = {0178-8051},
  journal       = {Probab. Theory Related Fields},
  mrclass       = {60J65 (60J25)},
  mrnumber      = {1339740},
  mrreviewer    = {E. B. Dynkin},
  number        = {3},
  pages         = {393--432},
  title         = {The {B}rownian snake and solutions of {$\Delta u=u^2$} in a domain},
  url           = {https://doi.org/10.1007/BF01192468},
  volume        = {102},
  year          = {1995}
}
