@book{le-gall:99:spatial,
  author        = {Le Gall, Jean-Fran\c{c}ois},
  doi           = {10.1007/978-3-0348-8683-3},
  isbn          = {3-7643-6126-3},
  mrclass       = {60J80 (35B05 35J60 35R60 60G57 60J85 60K35)},
  mrnumber      = {1714707},
  mrreviewer    = {John Verzani},
  pages         = {x+163},
  publisher     = {Birkh\"{a}user Verlag, Basel},
  series        = {Lectures in Mathematics ETH Z\"{u}rich},
  title         = {Spatial branching processes, random snakes and partial differential equations},
  url           = {https://doi.org/10.1007/978-3-0348-8683-3},
  year          = {1999}
}
