@article{le-jan:15:markov,
 author = {Le Jan, Yves},
 doi = {10.2969/jmsj/06741671},
 fjournal = {Journal of the Mathematical Society of Japan},
 issn = {0025-5645},
 journal = {J. Math. Soc. Japan},
 mrclass = {60K99 (60G60 60J55)},
 mrnumber = {3417508},
 number = {4},
 pages = {1671--1680},
 title = {Markov loops, free field and {E}ulerian networks},
 url = {https://doi.org/10.2969/jmsj/06741671},
 volume = {67},
 year = {2015}
}
