@article{le.kurt:25:global,
  author        = {Le, Minh and Kurt, Halil Ibrahim},
  doi           = {10.1016/j.nonrwa.2025.104392},
  fjournal      = {Nonlinear Analysis. Real World Applications. An International Multidisciplinary Journal},
  issn          = {1468-1218},
  journal       = {Nonlinear Anal. Real World Appl.},
  mrclass       = {35K55 (35B35 35K45 92C15 92C17)},
  mrnumber      = {4901575},
  pages         = {Paper No. 104392, 11},
  title         = {Global boundedness in a chemotaxis-growth system with weak singular sensitivity in any dimensional setting},
  url           = {https://doi.org/10.1016/j.nonrwa.2025.104392},
  volume        = {86},
  year          = {2025}
}
