@article{le:16:remark*1,
 author = {L\^{e}, Khoa},
 doi = {10.1016/j.spl.2016.06.004},
 fjournal = {Statistics \& Probability Letters},
 issn = {0167-7152},
 journal = {Statist. Probab. Lett.},
 mrclass = {60H15 (60J65)},
 mrnumber = {3531492},
 mrreviewer = {Le Chen},
 pages = {124--126},
 title = {A remark on a result of {X}ia {C}hen},
 url = {https://doi.org/10.1016/j.spl.2016.06.004},
 volume = {118},
 year = {2016}
}
