@article{leble.serfaty.ea:17:large,
  author        = {Lebl\'{e}, Thomas and Serfaty, Sylvia and Zeitouni, Ofer},
  doi           = {10.1007/s00220-016-2735-3},
  fjournal      = {Communications in Mathematical Physics},
  issn          = {0010-3616,1432-0916},
  journal       = {Comm. Math. Phys.},
  mrclass       = {82D10 (60F10)},
  mrnumber      = {3606477},
  number        = {1},
  pages         = {301--360},
  title         = {Large deviations for the two-dimensional two-component plasma},
  url           = {https://doi.org/10.1007/s00220-016-2735-3},
  volume        = {350},
  year          = {2017}
}
