@article{lee.xiao:19:local,
 author = {Lee, Cheuk Yin and Xiao, Yimin},
 doi = {10.1214/19-ecp264},
 fjournal = {Electronic Communications in Probability},
 journal = {Electron. Commun. Probab.},
 mrclass = {60G15 (60G17 60H15)},
 mrnumber = {4003126},
 mrreviewer = {Seiichiro Kusuoka},
 pages = {Paper No. 52, 8},
 title = {Local nondeterminism and the exact modulus of continuity for stochastic wave equation},
 url = {https://doi.org/10.1214/19-ecp264},
 volume = {24},
 year = {2019}
}
