@article{lee.xiao:23:local,
 author = {Cheuk Yin Lee and Yimin Xiao},
 journal = {Preprint arXiv:2308.13732},
 month = {August},
 title = {Local times of anisotropic Gaussian random fields and stochastic heat equation},
 url = {http://arXiv.org/abs/2308.13732},
 year = {2023}
}
