@book{lee:20:sample,
  author        = {Lee, Cheuk Yin},
  isbn          = {979-8617-04072-4},
  mrclass       = {Thesis},
  mrnumber      = {4119921},
  note          = {Thesis (Ph.D.)--Michigan State University},
  pages         = {147},
  publisher     = {ProQuest LLC, Ann Arbor, MI},
  title         = {Sample {P}ath {P}roperties of {G}aussian {R}andom {F}ields and {S}tochastic {P}artial {D}ifferential {E}quations},
  url           = {http://gateway.proquest.com/openurl?url\_ver=Z39.88-2004\&rft\_val\_fmt=info:ofi/fmt:kev:mtx:dissertation\&res\_dat=xri:pqm\&rft\_dat=xri:pqdiss:27994271},
  year          = {2020}
}
