@book{lee:81:particle,
 author = {Lee, T. D.},
 isbn = {3-7186-0032-3; 3-7186-0033-1},
 mrclass = {81-01 (81Gxx)},
 mrnumber = {633154},
 mrreviewer = {R. Delbourgo},
 note = {Translated from the Chinese},
 pages = {xvii+865},
 publisher = {Harwood Academic Publishers, Chur},
 series = {Contemporary Concepts in Physics},
 title = {Particle physics and introduction to field theory},
 volume = {1},
 year = {1981}
}
