@article{lefevere.mariani.ea:11:large*1,
 author = {Lefevere, Rapha\"{e}l and Mariani, Mauro and Zambotti, Lorenzo},
 doi = {10.1063/1.3567169},
 fjournal = {Journal of Mathematical Physics},
 issn = {0022-2488,1089-7658},
 journal = {J. Math. Phys.},
 mrclass = {60F10 (82C31)},
 mrnumber = {2814865},
 mrreviewer = {Rapha\"{e}l\ Cerf},
 number = {3},
 pages = {033302, 22},
 title = {Large deviations of the current in stochastic collisional dynamics},
 url = {https://doi.org/10.1063/1.3567169},
 volume = {52},
 year = {2011}
}
