@article{lefevere.zambotti:10:hot,
 author = {Lefevere, Rapha\"{e}l and Zambotti, Lorenzo},
 doi = {10.1007/s10955-010-9962-3},
 fjournal = {Journal of Statistical Physics},
 issn = {0022-4715,1572-9613},
 journal = {J. Stat. Phys.},
 mrclass = {82C70 (82C31)},
 mrnumber = {2638933},
 mrreviewer = {Christian\ Dogbe},
 number = {4},
 pages = {686--713},
 title = {Hot scatterers and tracers for the transfer of heat in
collisional dynamics},
 url = {https://doi.org/10.1007/s10955-010-9962-3},
 volume = {139},
 year = {2010}
}
