@article{lehec:13:representation,
 author = {Lehec, Joseph},
 doi = {10.1214/11-aihp464},
 fjournal = {Annales de l'Institut Henri Poincar\'{e} Probabilit\'{e}s et Statistiques},
 issn = {0246-0203},
 journal = {Ann. Inst. Henri Poincar\'{e} Probab. Stat.},
 mrclass = {60J65 (39B62 60J70)},
 mrnumber = {3112438},
 number = {3},
 pages = {885--899},
 title = {Representation formula for the entropy and functional inequalities},
 url = {https://doi.org/10.1214/11-aihp464},
 volume = {49},
 year = {2013}
}
