@article{lei.nualart:12:stochastic,
 author = {Lei, Pedro and Nualart, David},
 fjournal = {Communications on Stochastic Analysis},
 journal = {Commun. Stoch. Anal.},
 mrclass = {60H07 (60G15 60G18 60J55)},
 mrnumber = {2988698},
 mrreviewer = {No\`elia Viles},
 number = {3},
 pages = {379--402},
 title = {Stochastic calculus for {G}aussian processes and application to hitting times},
 volume = {6},
 year = {2012}
}
