@book{lemaitre.jean-louis:90:mechanics,
  author        = {Lemaitre, Jean and Jean-Louis, Chaboche},
  doi           = {10.1017/cbo9781139167970},
  month         = {02},
  publisher     = {Cambridge University Press},
  title         = {Mechanics of Solid Materials},
  url           = {https://cir.nii.ac.jp/crid/1360011145309511936},
  year          = {1990}
}
