@article{leon.villa:11:osgood,
  author        = {Le\'{o}n, Jorge A. and Villa, Jos\'{e}},
  doi           = {10.1016/j.spl.2010.12.001},
  fjournal      = {Statistics \& Probability Letters},
  issn          = {0167-7152},
  journal       = {Statist. Probab. Lett.},
  mrclass       = {60H10 (60G22)},
  mrnumber      = {2765167},
  mrreviewer    = {Victoria Knopova},
  number        = {4},
  pages         = {470--477},
  title         = {An {O}sgood criterion for integral equations with applications to stochastic differential equations with an additive noise},
  url           = {https://doi.org/10.1016/j.spl.2010.12.001},
  volume        = {81},
  year          = {2011}
}
