@article{leon.liu.ea:24:euler,
  author        = {Le\'on, Jorge A. and Liu, Yanghui and Tindel, Samy},
  doi           = {10.1016/j.spa.2024.104412},
  fjournal      = {Stochastic Processes and their Applications},
  issn          = {0304-4149,1879-209X},
  journal       = {Stochastic Process. Appl.},
  mrclass       = {60H35 (60G22 60H07 60H10 65C30)},
  mrnumber      = {4762076},
  mrreviewer    = {Antoine\ J.\ Lejay},
  pages         = {Paper No. 104412, 20},
  title         = {Euler scheme for {SDE}s driven by fractional {B}rownian motions: {M}alliavin differentiability and uniform upper-bound estimates},
  url           = {https://doi.org/10.1016/j.spa.2024.104412},
  volume        = {175},
  year          = {2024}
}
