@article{lepin:90:self-similar,
  author        = {Lepin, L. A.},
  fjournal      = {Matematicheskoe Modelirovanie},
  issn          = {0234-0879},
  journal       = {Mat. Model.},
  mrclass       = {35K60 (35B05)},
  mrnumber      = {1059601},
  mrreviewer    = {Reinhard Redlinger},
  number        = {3},
  pages         = {63--74},
  title         = {Self-similar solutions of a semilinear heat equation},
  volume        = {2},
  year          = {1990}
}
