@article{levanony.schwartz.ea:93:uniform,
  author        = {Levanony, David and Schwartz, Adam and Zeitouni, Ofer},
  doi           = {10.1080/17442509308833825},
  fjournal      = {Stochastics and Stochastics Reports},
  issn          = {1045-1129},
  journal       = {Stochastics Stochastics Rep.},
  mrclass       = {60H05 (62M05)},
  mrnumber      = {1276921},
  mrreviewer    = {Vivek\ S.\ Borkar},
  number        = {1-2},
  pages         = {9--28},
  title         = {Uniform decay and equicontinuity for normalized, parameter dependent, {I}t\^{o} integrals},
  url           = {https://doi.org/10.1080/17442509308833825},
  volume        = {43},
  year          = {1993}
}
