@article{levine:73:some,
  author        = {Levine, Howard A.},
  doi           = {10.1007/BF00263041},
  fjournal      = {Archive for Rational Mechanics and Analysis},
  issn          = {0003-9527},
  journal       = {Arch. Rational Mech. Anal.},
  mrclass       = {34G05 (35K30)},
  mrnumber      = {348216},
  mrreviewer    = {M. H. Protter},
  pages         = {371--386},
  title         = {Some nonexistence and instability theorems for solutions of formally parabolic equations of the form {$Pu_{t}=-Au+\mathscr{F}(u)$}},
  url           = {https://doi.org/10.1007/BF00263041},
  volume        = {51},
  year          = {1973}
}
