@article{levine.sleeman:97:system,
 author = {Levine, Howard A. and Sleeman, Brian D.},
 doi = {10.1137/S0036139995291106},
 fjournal = {SIAM Journal on Applied Mathematics},
 issn = {0036-1399},
 journal = {SIAM J. Appl. Math.},
 mrclass = {35K57 (60J15 92C45)},
 mrnumber = {1450846},
 mrreviewer = {Joerg-Uwe Loebus},
 number = {3},
 pages = {683--730},
 title = {A system of reaction diffusion equations arising in the theory of reinforced random walks},
 url = {https://doi.org/10.1137/S0036139995291106},
 volume = {57},
 year = {1997}
}
