@article{levi.zeuituni.ea:09:central,
 author = {Levi, N. and Zeu{i}tuni, O. and Shamai, Sh.},
 doi = {10.1134/S0032946009010025},
 fjournal = {Rossiu{i}skaya Akademiya Nauk. Problemy Peredachi Informatsii},
 issn = {0555-2923},
 journal = {Problemy Peredachi Informatsii},
 mrclass = {94A40 (15B52 60F05)},
 mrnumber = {2513159},
 number = {1},
 pages = {8--26},
 title = {The central limit theorem and large deviations of the fading {W}yner cellular model using the methods of the theory of the product of random matrices},
 url = {https://doi.org/10.1134/S0032946009010025},
 volume = {45},
 year = {2009}
}
