@article{levine.payne:76:nonexistence,
 author = {Levine, Howard A. and Payne, Lawrence E.},
 doi = {10.1016/0022-247X(76)90163-3},
 fjournal = {Journal of Mathematical Analysis and Applications},
 issn = {0022-247X},
 journal = {J. Math. Anal. Appl.},
 mrclass = {35D05 (35G25)},
 mrnumber = {412575},
 mrreviewer = {Jerome Eisenfeld},
 number = {2},
 pages = {329--334},
 title = {Nonexistence of global weak solutions for classes of nonlinear wave and parabolic equations},
 url = {https://doi.org/10.1016/0022-247X(76)90163-3},
 volume = {55},
 year = {1976}
}
