@article{lewis.nualart:18:stochastic,
 author = {Lewis, Peter and Nualart, David},
 doi = {10.1080/17442508.2018.1478834},
 fjournal = {Stochastics. An International Journal of Probability and Stochastic Processes},
 issn = {1744-2508},
 journal = {Stochastics},
 mrclass = {60H15 (35Q53 35R60)},
 mrnumber = {3854527},
 mrreviewer = {Jorge A. Le\'{o}n},
 number = {7},
 pages = {1053--1086},
 title = {Stochastic {B}urgers' equation on the real line: regularity and moment estimates},
 url = {https://doi.org/10.1080/17442508.2018.1478834},
 volume = {90},
 year = {2018}
}
