@article{lewin.nam.ea:15:derivation,
  author        = {Lewin, Mathieu and Nam, Phan Th\`anh and Rougerie, Nicolas},
  doi           = {10.5802/jep.18},
  fjournal      = {Journal de l'\'{E}cole polytechnique. Math\'{e}matiques},
  issn          = {2429-7100},
  journal       = {J. \'{E}c. polytech. Math.},
  mrclass       = {81V70 (35Q40)},
  mrnumber      = {3366672},
  mrreviewer    = {Paul F. Bracken},
  pages         = {65--115},
  title         = {Derivation of nonlinear {G}ibbs measures from many-body quantum mechanics},
  url           = {https://doi.org/10.5802/jep.18},
  volume        = {2},
  year          = {2015}
}
