@article{lewin.nam.ea:21:classical,
  author        = {Lewin, Mathieu and Nam, Phan Th\`anh and Rougerie, Nicolas},
  doi           = {10.1007/s00222-020-01010-4},
  fjournal      = {Inventiones Mathematicae},
  issn          = {0020-9910},
  journal       = {Invent. Math.},
  mrclass       = {81V70 (35Q55 82B10)},
  mrnumber      = {4243017},
  mrreviewer    = {Paul F. Bracken},
  number        = {2},
  pages         = {315--444},
  title         = {Classical field theory limit of many-body quantum {G}ibbs states in 2{D} and 3{D}},
  url           = {https://doi.org/10.1007/s00222-020-01010-4},
  volume        = {224},
  year          = {2021}
}
