@article{li.liu.ea:21:percolation,
 author = {Li, Ming and Liu, Run-Ran and L\"{u}, Linyuan and Hu,
Mao-Bin and Xu, Shuqi and Zhang, Yi-Cheng},
 journal = {Physics Reports},
 month = {Apr},
 pages = {1â€“68},
 title = {Percolation on complex networks: Theory and application},
 volume = {907},
 year = {2021}
}
