@article{li.liang.ea:16:diffusive,
  author        = {Li, Fang and Liang, Xing and Shen, Wenxian},
  doi           = {10.3934/dcds.2016.36.3317},
  fjournal      = {Discrete and Continuous Dynamical Systems. Series A},
  issn          = {1078-0947,1553-5231},
  journal       = {Discrete Contin. Dyn. Syst.},
  mrclass       = {35K57 (35B15 35K20 35R35 92D25)},
  mrnumber      = {3485439},
  mrreviewer    = {Alp\'{a}r\ R.\ M\'{e}sz\'{a}ros},
  number        = {6},
  pages         = {3317--3338},
  title         = {Diffusive {KPP} equations with free boundaries in time almost periodic environments: {I}. {S}preading and vanishing dichotomy},
  url           = {https://doi.org/10.3934/dcds.2016.36.3317},
  volume        = {36},
  year          = {2016}
}
