@article{li.linde:99:approximation,
  author        = {Li, Wenbo V. and Linde, Werner},
  doi           = {10.1214/aop/1022677459},
  fjournal      = {The Annals of Probability},
  issn          = {0091-1798,2168-894X},
  journal       = {Ann. Probab.},
  mrclass       = {60G15 (46G12 47B06 47G10 60F99)},
  mrnumber      = {1733160},
  mrreviewer    = {Qi\ Man\ Shao},
  number        = {3},
  pages         = {1556--1578},
  title         = {Approximation, metric entropy and small ball estimates for {G}aussian measures},
  url           = {https://doi.org/10.1214/aop/1022677459},
  volume        = {27},
  year          = {1999}
}
