@article{li.li.ea:11:on,
 author = {Li, Dong and Li, Tong and Zhao, Kun},
 doi = {10.1142/S0218202511005519},
 fjournal = {Mathematical Models and Methods in Applied Sciences},
 issn = {0218-2025},
 journal = {Math. Models Methods Appl. Sci.},
 mrclass = {35M31 (35A09 35B40 35B44 35Q92 92C17)},
 mrnumber = {2826467},
 mrreviewer = {Youshan Tao},
 number = {8},
 pages = {1631--1650},
 title = {On a hyperbolic-parabolic system modeling chemotaxis},
 url = {https://doi.org/10.1142/S0218202511005519},
 volume = {21},
 year = {2011}
}
