@article{li.linde:04:small,
 author = {Li, Wenbo V. and Linde, Werner},
 doi = {10.1023/B:JOTP.0000020484.26184.c4},
 fjournal = {Journal of Theoretical Probability},
 issn = {0894-9840,1572-9230},
 journal = {J. Theoret. Probab.},
 mrclass = {60G52 (60G15)},
 mrnumber = {2054588},
 mrreviewer = {Miguel\ A.\ Arcones},
 number = {1},
 pages = {261--284},
 title = {Small deviations of stable processes via metric entropy},
 url = {https://doi.org/10.1023/B:JOTP.0000020484.26184.c4},
 volume = {17},
 year = {2004}
}
