@article{li.shao:05:recent,
 author = {Li, Wenbo V. and Shao, Qi-Man},
 doi = {10.1142/S0219607705000103},
 fjournal = {Cosmos. An Interdisciplinary Journal in Science},
 issn = {0219-6077,1793-7051},
 journal = {Cosmos},
 mrclass = {62M20},
 mrnumber = {2329259},
 number = {1},
 pages = {95--106},
 title = {Recent developments on lower tail probabilities for {G}aussian processes},
 url = {https://doi.org/10.1142/S0219607705000103},
 volume = {1},
 year = {2005}
}
