@incollection{li.shieh.ea:13:hitting,
 author = {Li, Bing and Shieh, Narn-Rueih and Xiao, Yimin},
 booktitle = {Fractal geometry and dynamical systems in pure and applied
mathematics. {II}. {F}ractals in applied mathematics},
 doi = {10.1090/conm/601/11934},
 isbn = {978-0-8218-9148-3},
 mrclass = {60D05 (28A80 52A22)},
 mrnumber = {3203868},
 mrreviewer = {Jean-Charles\ Pinoli},
 pages = {307--323},
 publisher = {Amer. Math. Soc., Providence, RI},
 series = {Contemp. Math.},
 title = {Hitting probabilities of the random covering sets},
 url = {https://doi.org/10.1090/conm/601/11934},
 volume = {601},
 year = {2013}
}
