@incollection{li.wei:09:gaussian,
  author        = {Li, Wenbo V. and Wei, Ang},
  booktitle     = {High dimensional probability {V}: the {L}uminy volume},
  doi           = {10.1214/09-IMSCOLL504},
  isbn          = {978-0-940600-78-2},
  mrclass       = {60E05 (60B20 60G15)},
  mrnumber      = {2797939},
  mrreviewer    = {Nizar\ Demni},
  pages         = {43--59},
  publisher     = {Inst. Math. Statist., Beachwood, OH},
  series        = {Inst. Math. Stat. (IMS) Collect.},
  title         = {Gaussian integrals involving absolute value functions},
  url           = {https://doi.org/10.1214/09-IMSCOLL504},
  volume        = {5},
  year          = {2009}
}
