@article{li.wang.ea:15:exact,
 author = {Li, Yuqiang and Wang, Wensheng and Xiao, Yimin},
 doi = {10.3150/13-BEJ593},
 fjournal = {Bernoulli. Official Journal of the Bernoulli Society for
Mathematical Statistics and Probability},
 issn = {1350-7265,1573-9759},
 journal = {Bernoulli},
 mrclass = {60G60 (60G15)},
 mrnumber = {3338652},
 mrreviewer = {Zbigniew\ Andrzej\ \L agodowski},
 number = {2},
 pages = {930--956},
 title = {Exact moduli of continuity for operator-scaling {G}aussian
random fields},
 url = {https://doi.org/10.3150/13-BEJ593},
 volume = {21},
 year = {2015}
}
