@article{li.xiao.ea:19:on,
  author        = {Li, Bo and Xiao, Yimin and Yang, Xiaochuan},
  doi           = {10.1007/s10959-018-0857-6},
  fjournal      = {Journal of Theoretical Probability},
  issn          = {0894-9840,1572-9230},
  journal       = {J. Theoret. Probab.},
  mrclass       = {60J55 (60G15 60J75)},
  mrnumber      = {4020694},
  mrreviewer    = {Olga\ Izyumtseva},
  number        = {4},
  pages         = {1943--1972},
  title         = {On the favorite points of symmetric {L}\'{e}vy processes},
  url           = {https://doi.org/10.1007/s10959-018-0857-6},
  volume        = {32},
  year          = {2019}
}
