@article{li.xiao:10:note,
  author        = {Li, Linyuan and Xiao, Yimin},
  doi           = {10.1080/03610920902846570},
  fjournal      = {Communications in Statistics. Theory and Methods},
  issn          = {0361-0926,1532-415X},
  journal       = {Comm. Statist. Theory Methods},
  mrclass       = {62G08 (62C20 62G05)},
  mrnumber      = {2745368},
  mrreviewer    = {Armel\ Fabrice\ Yode},
  number        = {7},
  pages         = {1111--1128},
  title         = {A note on block-thresholded wavelet estimators with correlated noise},
  url           = {https://doi.org/10.1080/03610920902846570},
  volume        = {39},
  year          = {2010}
}
