@article{li:19:on,
  author        = {Li, Yan},
  doi           = {10.1007/s00033-019-1202-3},
  fjournal      = {Zeitschrift f\"{u}r Angewandte Mathematik und Physik. ZAMP. Journal of Applied Mathematics and Physics. Journal de Math\'{e}matiques et de Physique Appliqu\'{e}es},
  issn          = {0044-2275},
  journal       = {Z. Angew. Math. Phys.},
  mrclass       = {35Q92 (35A09 35Q35 76Z10 92C17)},
  mrnumber      = {4019734},
  number        = {5},
  pages         = {Paper No. 157, 18},
  title         = {On a {K}eller-{S}egel-{S}tokes system with logistic type growth: blow-up prevention enforced by sublinear signal production},
  url           = {https://doi.org/10.1007/s00033-019-1202-3},
  volume        = {70},
  year          = {2019}
}
