@article{li:99:gaussian,
 author = {Li, Wenbo V.},
 doi = {10.1214/ECP.v4-1012},
 fjournal = {Electronic Communications in Probability},
 issn = {1083-589X},
 journal = {Electron. Comm. Probab.},
 mrclass = {60G15 (60E15)},
 mrnumber = {1741737},
 mrreviewer = {Qi\ Man\ Shao},
 pages = {111--118},
 title = {A {G}aussian correlation inequality and its applications
to small ball probabilities},
 url = {https://doi.org/10.1214/ECP.v4-1012},
 volume = {4},
 year = {1999}
}
