@article{liang.zhao:07:asymptotic,
 author = {Liang, Xing and Zhao, Xiao-Qiang},
 doi = {10.1002/cpa.20154},
 fjournal = {Communications on Pure and Applied Mathematics},
 issn = {0010-3640},
 journal = {Comm. Pure Appl. Math.},
 mrclass = {37L05 (34K25 35K57 60J60)},
 mrnumber = {2270161},
 mrreviewer = {Hal Leslie Smith},
 number = {1},
 pages = {1--40},
 title = {Asymptotic speeds of spread and traveling waves for
monotone semiflows with applications},
 url = {https://doi.org/10.1002/cpa.20154},
 volume = {60},
 year = {2007}
}
