@article{licea.newman.ea:96:superdiffusivity,
 author = {Licea, C. and Newman, C. M. and Piza, M. S. T.},
 doi = {10.1007/s004400050075},
 fjournal = {Probability Theory and Related Fields},
 issn = {0178-8051},
 journal = {Probab. Theory Related Fields},
 mrclass = {60K35 (82C24)},
 mrnumber = {1421992},
 mrreviewer = {Wei-Shih Yang},
 number = {4},
 pages = {559--591},
 title = {Superdiffusivity in first-passage percolation},
 url = {https://doi.org/10.1007/s004400050075},
 volume = {106},
 year = {1996}
}
