@book{lieb.loss:01:analysis,
 author = {Lieb, Elliott H. and Loss, Michael},
 doi = {10.1090/gsm/014},
 edition = {Second},
 isbn = {0-8218-2783-9},
 mrclass = {00A05 (26-01 28-01 31-01 35J10 42-01)},
 mrnumber = {1817225},
 pages = {xxii+346},
 publisher = {American Mathematical Society, Providence, RI},
 series = {Graduate Studies in Mathematics},
 title = {Analysis},
 url = {https://doi.org/10.1090/gsm/014},
 volume = {14},
 year = {2001}
}
