@article{lieb:67:residual,
 author = {Lieb, Elliott H.},
 doi = {10.1103/PhysRev.162.162},
 issue = {1},
 journal = {Phys. Rev.},
 month = {Oct},
 numpages = {0},
 pages = {162--172},
 publisher = {American Physical Society},
 title = {Residual Entropy of Square Ice},
 url = {https://link.aps.org/doi/10.1103/PhysRev.162.162},
 volume = {162},
 year = {1967}
}
