@book{lieberman:96:second,
  author        = {Lieberman, Gary M.},
  doi           = {10.1142/3302},
  isbn          = {981-02-2883-X},
  mrclass       = {35-02 (35Bxx 35Dxx 35Kxx)},
  mrnumber      = {1465184},
  mrreviewer    = {Siegfried Carl},
  pages         = {xii+439},
  publisher     = {World Scientific Publishing Co., Inc., River Edge, NJ},
  title         = {Second order parabolic differential equations},
  url           = {https://doi.org/10.1142/3302},
  year          = {1996}
}
