@book{liggett:85:interacting,
  author        = {Liggett, Thomas M.},
  doi           = {10.1007/978-1-4613-8542-4},
  isbn          = {0-387-96069-4},
  mrclass       = {60K35},
  mrnumber      = {776231},
  mrreviewer    = {F. L. Spitzer},
  pages         = {xv+488},
  publisher     = {Springer-Verlag, New York},
  series        = {Grundlehren der mathematischen Wissenschaften [Fundamental Principles of Mathematical Sciences]},
  title         = {Interacting particle systems},
  url           = {https://doi.org/10.1007/978-1-4613-8542-4},
  volume        = {276},
  year          = {1985}
}
