@book{liggett:05:interacting,
 author = {Liggett, Thomas M.},
 doi = {10.1007/b138374},
 isbn = {3-540-22617-6},
 mrclass = {60-02 (60K35 82C22)},
 mrnumber = {2108619},
 mrreviewer = {Michael Pr\"{a}hofer},
 note = {Reprint of the 1985 original},
 pages = {xvi+496},
 publisher = {Springer-Verlag, Berlin},
 series = {Classics in Mathematics},
 title = {Interacting particle systems},
 url = {https://doi.org/10.1007/b138374},
 year = {2005}
}
