@article{lin.mu.ea:18:blow-up,
 author = {Lin, Ke and Mu, Chunlai and Zhong, Hua},
 doi = {10.1016/j.jmaa.2018.04.015},
 fjournal = {Journal of Mathematical Analysis and Applications},
 issn = {0022-247X},
 journal = {J. Math. Anal. Appl.},
 mrclass = {35M33 (35B44 35Q92 92C17)},
 mrnumber = {3794098},
 number = {1},
 pages = {435--455},
 title = {A blow-up result for a quasilinear chemotaxis system with
logistic source in higher dimensions},
 url = {https://doi.org/10.1016/j.jmaa.2018.04.015},
 volume = {464},
 year = {2018}
}
