@article{lin.zhang:00:on,
  author        = {Lin, Fanghua and Zhang, Ping},
  doi           = {10.3934/dcds.2000.6.121},
  fjournal      = {Discrete and Continuous Dynamical Systems},
  issn          = {1078-0947},
  journal       = {Discrete Contin. Dynam. Systems},
  mrclass       = {35Q55 (82D50)},
  mrnumber      = {1739596},
  mrreviewer    = {Robert Leon Jerrard},
  number        = {1},
  pages         = {121--142},
  title         = {On the hydrodynamic limit of {G}inzburg-{L}andau vortices},
  url           = {https://doi.org/10.3934/dcds.2000.6.121},
  volume        = {6},
  year          = {2000}
}
