@article{lin.mueller:19:can,
 author = {Lin, Kevin and Mueller, Carl},
 doi = {10.1214/19-EJP279},
 fjournal = {Electronic Journal of Probability},
 journal = {Electron. J. Probab.},
 mrclass = {60H15 (35K58 35K67 35R60 60J45)},
 mrnumber = {3916334},
 pages = {Paper No. 14, 26},
 title = {Can the stochastic wave equation with strong drift hit
zero?},
 url = {https://doi.org/10.1214/19-EJP279},
 volume = {24},
 year = {2019}
}
