@article{liptser.zeitouni:98:robust,
  author        = {Liptser, Robert and Zeitouni, Ofer},
  fjournal      = {Journal of Mathematical Systems, Estimation, and Control},
  issn          = {1052-0600},
  journal       = {J. Math. Systems Estim. Control},
  mrclass       = {93E11},
  mrnumber      = {1650159},
  mrreviewer    = {Vivek\ S.\ Borkar},
  number        = {1},
  pages         = {22 pp.},
  title         = {Robust diffusion approximation for nonlinear filtering},
  volume        = {8},
  year          = {1998}
}
