@article{liu.wang:16:note,
  author        = {Liu, Jian-Guo and Wang, Jinhuan},
  doi           = {10.1007/s10440-015-0022-5},
  fjournal      = {Acta Applicandae Mathematicae},
  issn          = {0167-8019},
  journal       = {Acta Appl. Math.},
  mrclass       = {35M31 (35A02 35B35 35B45 35D30 35K57 35K59)},
  mrnumber      = {3466921},
  pages         = {173--188},
  title         = {A note on {$L^infty$}-bound and uniqueness to a degenerate {K}eller-{S}egel model},
  url           = {https://doi.org/10.1007/s10440-015-0022-5},
  volume        = {142},
  year          = {2016}
}
