@article{liu.mueller:89:on,
 author = {Liu, Li and Mueller, Carl},
 fjournal = {The Annals of Probability},
 issn = {0091-1798},
 journal = {Ann. Probab.},
 mrclass = {60G57 (60F99 60J80)},
 mrnumber = {1048938},
 mrreviewer = {Luis G. Gorostiza},
 number = {4},
 pages = {1463--1465},
 title = {On the extinction of measure-valued critical branching {B}rownian motion},
 url = {http://links.jstor.org/sici?sici=0091-1798(198910)17:4<1463:OTEOMC>2.0.CO;2-N&origin=MSN},
 volume = {17},
 year = {1989}
}
