@article{liu.xiao:98:hausdorff,
 author = {Liu, Luqin and Xiao, Yimin},
 fjournal = {Probability and Mathematical Statistics},
 issn = {0208-4147,2300-8113},
 journal = {Probab. Math. Statist.},
 mrclass = {60J25 (60G18 60J60)},
 mrnumber = {1671608},
 mrreviewer = {Mireille\ Chaleyat-Maurel},
 number = {2},
 pages = {369--383},
 title = {Hausdorff dimension theorems for self-similar {M}arkov processes},
 volume = {18},
 year = {1998}
}
