@article{liu.hu.ea:22:necessary,
 author = {Shuhui Liu and Yaozhong Hu and Xiong Wang},
 journal = {Preprint arXiv:2206.02641},
 month = {June},
 title = {Necessary and sufficient conditions to solve parabolic
Anderson model with rough noise},
 url = {http://arXiv.org/abs/2206.02641},
 year = {2022}
}
