@article{liu.hu.ea:23:stochastic,
 author = {Shuhui Liu and Yaozhong Hu and Xiong Wang},
 journal = {Preprint arXiv:2305.02425},
 month = {May},
 title = {Stochastic wave equation with additive fractional noise:
solvability and global H\"older continuity},
 url = {http://arXiv.org/abs/2305.02425},
 year = {2023}
}
