@article{liu:96:existence,
  author        = {Liu, Yue},
  doi           = {10.1512/iumj.1996.45.1121},
  fjournal      = {Indiana University Mathematics Journal},
  issn          = {0022-2518},
  journal       = {Indiana Univ. Math. J.},
  mrclass       = {35Q72 (35B05)},
  mrnumber      = {1422107},
  mrreviewer    = {Juan M. Via\~{n}o Rey},
  number        = {3},
  pages         = {797--816},
  title         = {Existence and blow up of solutions of a nonlinear {P}ochhammer-{C}hree equation},
  url           = {https://doi.org/10.1512/iumj.1996.45.1121},
  volume        = {45},
  year          = {1996}
}
