@article{lloyd.orbanz.ea:12:random,
 author = {Lloyd, James and Orbanz, Peter and Ghahramani, Zoubin and
Roy, Daniel M},
 journal = {Advances in Neural Information Processing Systems},
 pages = {998--1006},
 publisher = {Citeseer},
 title = {Random function priors for exchangeable arrays with
applications to graphs and relational data},
 volume = {25},
 year = {2012}
}
