@inproceedings{lorenz:96:predictability,
 author = {Lorenz, Edward N},
 booktitle = {Proc. Seminar on predictability},
 number = {1},
 title = {Predictability: A problem partly solved},
 volume = {1},
 year = {1996}
}
