@incollection{lotz.mccoy.ea:20:concentration,
 author = {Lotz, Martin and McCoy, Michael B. and Nourdin, Ivan and Peccati, Giovanni and Tropp, Joel A.},
 booktitle = {Geometric aspects of functional analysis. {V}ol. {II}},
 doi = {10.1007/978-3-030-46762-3\_6},
 mrclass = {52A22 (60D05)},
 mrnumber = {4175761},
 pages = {139--167},
 publisher = {Springer, Cham},
 series = {Lecture Notes in Math.},
 title = {Concentration of the intrinsic volumes of a convex body},
 url = {https://doi.org/10.1007/978-3-030-46762-3_6},
 volume = {2266},
 year = {[2020] \copyright 2020}
}
