@article{lou.ouyang:17:local,
 author = {Lou, Shuwen and Ouyang, Cheng},
 doi = {10.1016/j.spa.2017.03.013},
 fjournal = {Stochastic Processes and their Applications},
 issn = {0304-4149},
 journal = {Stochastic Process. Appl.},
 mrclass = {60J55 (60G22 60H10)},
 mrnumber = {3707240},
 number = {11},
 pages = {3643--3660},
 title = {Local times of stochastic differential equations driven by
fractional {B}rownian motions},
 url = {https://doi.org/10.1016/j.spa.2017.03.013},
 volume = {127},
 year = {2017}
}
