@article{lovasz:93:random,
 author = {Lov{\'a}sz, L{\'a}szl{\'o}},
 journal = {Combinatorics, Paul Erdos is Eighty},
 pages = {1--46},
 title = {Random Walks on Graphs: A Survey},
 volume = {2},
 year = {1993}
}
