@article{lu.bates.ea:16:dynamics*2,
 author = {Lu, Hong and Bates, Peter W. and L\"{u}, Shujuan and Zhang, Mingji},
 doi = {10.4310/CMS.2016.v14.n1.a11},
 fjournal = {Communications in Mathematical Sciences},
 issn = {1539-6746,1945-0796},
 journal = {Commun. Math. Sci.},
 mrclass = {37L55 (35R11 35R60 37H10 60H15)},
 mrnumber = {3407726},
 mrreviewer = {Le\ Chen},
 number = {1},
 pages = {273--295},
 title = {Dynamics of the 3{D} fractional {G}inzburg-{L}andau equation with multiplicative noise on an unbounded domain},
 url = {https://doi.org/10.4310/CMS.2016.v14.n1.a11},
 volume = {14},
 year = {2016}
}
