@article{lu.li:09:note,
  author        = {Lu, Dawei and Li, Wenbo V.},
  doi           = {10.1016/j.jmaa.2009.01.046},
  fjournal      = {Journal of Mathematical Analysis and Applications},
  issn          = {0022-247X,1096-0813},
  journal       = {J. Math. Anal. Appl.},
  mrclass       = {60E15 (60G15)},
  mrnumber      = {2515252},
  mrreviewer    = {M.\ Cs\"{o}rg\H{o}},
  number        = {2},
  pages         = {704--707},
  title         = {A note on multivariate {G}aussian estimates},
  url           = {https://doi.org/10.1016/j.jmaa.2009.01.046},
  volume        = {354},
  year          = {2009}
}
