@article{luchko:08:integral,
  author        = {Luchko, Yury},
  doi           = {10.1080/10652460802091617},
  fjournal      = {Integral Transforms and Special Functions. An International Journal},
  issn          = {1065-2469,1476-8291},
  journal       = {Integral Transforms Spec. Funct.},
  mrclass       = {44A15 (33C60 44A10 44A20 45E10)},
  mrnumber      = {2467094},
  mrreviewer    = {K.\ C.\ Gupta},
  number        = {11-12},
  pages         = {809--851},
  title         = {Integral transforms of the {M}ellin convolution type and their generating operators},
  url           = {https://doi.org/10.1080/10652460802091617},
  volume        = {19},
  year          = {2008}
}
