@article{luchko:14:multi-dimensional,
 author = {Luchko, Yuri},
 doi = {10.1685/journal.caim.485},
 fjournal = {Communications in Applied and Industrial Mathematics},
 journal = {Commun. Appl. Ind. Math.},
 mrclass = {35R11 (35A08 45K05 60G50)},
 mrnumber = {3277315},
 number = {1},
 pages = {e-485, 21},
 title = {Multi-dimensional fractional wave equation and some
properties of its fundamental solution},
 url = {https://doi.org/10.1685/journal.caim.485},
 volume = {6},
 year = {2014}
}
