@article{luchko:13:fractional,
  author        = {Luchko, Yuri},
  doi           = {10.1063/1.4794076},
  fjournal      = {Journal of Mathematical Physics},
  issn          = {0022-2488},
  journal       = {J. Math. Phys.},
  mrclass       = {35R11 (26A33 33E12 35L15)},
  mrnumber      = {3059427},
  number        = {3},
  pages         = {031505, 16},
  title         = {Fractional wave equation and damped waves},
  url           = {https://doi.org/10.1063/1.4794076},
  volume        = {54},
  year          = {2013}
}
