@article{luchko:20:fractional,
 author = {Luchko, Yuri},
 doi = {10.1515/fca-2020-0049},
 fjournal = {Fractional Calculus and Applied Analysis. An International
Journal for Theory and Applications},
 issn = {1311-0454,1314-2224},
 journal = {Fract. Calc. Appl. Anal.},
 mrclass = {26A33 (26B30 44A10 45E10)},
 mrnumber = {4151092},
 mrreviewer = {Jyotindra\ C.\ Prajapati},
 number = {4},
 pages = {939--966},
 title = {Fractional derivatives and the fundamental theorem of
fractional calculus},
 url = {https://doi.org/10.1515/fca-2020-0049},
 volume = {23},
 year = {2020}
}
