@incollection{luchko:12:anomalous,
  author        = {Luchko, Yury},
  booktitle     = {Advances in applied analysis},
  doi           = {10.1007/978-3-0348-0417-2\_3},
  mrclass       = {35R11 (26A33 33E12 45K05 60J60)},
  mrnumber      = {3220528},
  pages         = {115--145},
  publisher     = {Birkh\"{a}user/Springer Basel AG, Basel},
  series        = {Trends Math.},
  title         = {Anomalous diffusion: models, their analysis, and interpretation},
  url           = {https://doi.org/10.1007/978-3-0348-0417-2\_3},
  year          = {2012}
}
