@incollection{luchko:99:operational,
  author        = {Luchko, Yuri},
  fjournal      = {Fractional Calculus \& Applied Analysis. An International Journal for Theory and Applications},
  issn          = {1311-0454},
  journal       = {Fract. Calc. Appl. Anal.},
  mrclass       = {26A33 (44A35)},
  mrnumber      = {1752383},
  mrreviewer    = {H. M. Srivastava},
  note          = {TMSF, AUBG'99, Part A (Blagoevgrad)},
  number        = {4},
  pages         = {463--488},
  title         = {Operational method in fractional calculus},
  volume        = {2},
  year          = {1999}
}
