@book{lukacs:60:characteristic,
 author = {Lukacs, Eugene},
 mrclass = {60.20},
 mrnumber = {124075},
 mrreviewer = {R. G. Laha},
 pages = {216},
 publisher = {Hafner Publishing Co., New York},
 series = {Griffin's Statistical Monographs \& Courses, No. 5},
 title = {Characteristic functions},
 year = {1960}
}
