@book{lunardi:95:analytic,
  author        = {Lunardi, Alessandra},
  isbn          = {978-3-0348-0556-8; 978-3-0348-0557-5},
  mrclass       = {47D06 (01A75 34G20 35Kxx 46M35 46N20 47N20 58D25)},
  mrnumber      = {3012216},
  note          = {[2013 reprint of the 1995 original] [MR1329547]},
  pages         = {xviii+424},
  publisher     = {Birkh\"{a}user/Springer Basel AG, Basel},
  series        = {Modern Birkh\"{a}user Classics},
  title         = {Analytic semigroups and optimal regularity in parabolic problems},
  year          = {1995}
}
