@article{luo.mattingly:17:scaling,
 author = {Luo, Shishi and Mattingly, Jonathan C.},
 doi = {10.1088/1361-6544/aa5499},
 fjournal = {Nonlinearity},
 issn = {0951-7715,1361-6544},
 journal = {Nonlinearity},
 mrclass = {92D25 (35F55 35Q92 37L55 60J28 60J68 60J70 92D15)},
 mrnumber = {3636315},
 mrreviewer = {Reinhard\ Redlinger},
 number = {4},
 pages = {1682--1707},
 title = {Scaling limits of a model for selection at two scales},
 url = {https://doi.org/10.1088/1361-6544/aa5499},
 volume = {30},
 year = {2017}
}
