@article{luo:23:regularization,
 author = {Luo, Dejun},
 doi = {10.1007/s11425-021-1981-9},
 fjournal = {Science China. Mathematics},
 issn = {1674-7283},
 journal = {Sci. China Math.},
 mrclass = {60H15 (35Q60 60H50 76W05 78A25)},
 mrnumber = {4596052},
 number = {6},
 pages = {1375--1394},
 title = {Regularization by transport noises for 3{D} {MHD} equations},
 url = {https://doi.org/10.1007/s11425-021-1981-9},
 volume = {66},
 year = {2023}
}
