@article{lyons:90:random,
 author = {Lyons, Russell},
 fjournal = {The Annals of Probability},
 issn = {0091-1798},
 journal = {Ann. Probab.},
 mrclass = {60J15 (05C05 60K35 82B41 82B43)},
 mrnumber = {1062053},
 mrreviewer = {Gregory F. Lawler},
 number = {3},
 pages = {931--958},
 title = {Random walks and percolation on trees},
 url = {http://links.jstor.org/sici?sici=0091-1798(199007)18:3<931:RWAPOT>2.0.CO;2-6&origin=MSN},
 volume = {18},
 year = {1990}
}
