@article{lytvynov:02:fermion,
 author = {Lytvynov, Eugene},
 doi = {10.1142/S0129055X02001533},
 fjournal = {Reviews in Mathematical Physics. A Journal for Both Review and Original Research Papers in the Field of Mathematical Physics},
 issn = {0129-055X},
 journal = {Rev. Math. Phys.},
 mrclass = {81S25 (60G55 81S05 82B10)},
 mrnumber = {1939761},
 mrreviewer = {Wolfgang Freudenberg},
 number = {10},
 pages = {1073--1098},
 title = {Fermion and boson random point processes as particle distributions of infinite free {F}ermi and {B}ose gases of finite density},
 url = {https://doi.org/10.1142/S0129055X02001533},
 volume = {14},
 year = {2002}
}
