@article{macchi:75:coincidence,
  author        = {Macchi, Odile},
  doi           = {10.2307/1425855},
  fjournal      = {Advances in Applied Probability},
  issn          = {0001-8678},
  journal       = {Advances in Appl. Probability},
  mrclass       = {60G55},
  mrnumber      = {380979},
  mrreviewer    = {Jan Grandell},
  pages         = {83--122},
  title         = {The coincidence approach to stochastic point processes},
  url           = {https://doi.org/10.2307/1425855},
  volume        = {7},
  year          = {1975}
}
