@book{macosko:96:rheology,
 author = {Christopher W. Macosko},
 isbn = {978-0-471-18575-8},
 publisher = {Wiley-VCH},
 title = {Rheology: principles, measurements, and applications},
 year = {1996}
}
