@article{madaule.rhodes.ea:16:glassy,
  author        = {Madaule, Thomas and Rhodes, R\'emi and Vargas, Vincent},
  doi           = {10.1214/14-AAP1071},
  fjournal      = {The Annals of Applied Probability},
  issn          = {1050-5164,2168-8737},
  journal       = {Ann. Appl. Probab.},
  mrclass       = {60G57 (60G15 82D30)},
  mrnumber      = {3476621},
  mrreviewer    = {Flora\ Koukiou},
  number        = {2},
  pages         = {643--690},
  title         = {Glassy phase and freezing of log-correlated {G}aussian potentials},
  url           = {https://doi.org/10.1214/14-AAP1071},
  volume        = {26},
  year          = {2016}
}
