@book{madras.slade:93:self-avoiding,
  author        = {Madras, Neal and Slade, Gordon},
  isbn          = {0-8176-3589-0},
  mrclass       = {82-02 (60K35 82B41 82C22 82D60)},
  mrnumber      = {1197356},
  mrreviewer    = {Cheng Xun Wu},
  pages         = {xiv+425},
  publisher     = {Birkh\"{a}user Boston, Inc., Boston, MA},
  series        = {Probability and its Applications},
  title         = {The self-avoiding walk},
  year          = {1993}
}
