@article{maejima.tudor:07:wiener,
  author        = {Maejima, Makoto and Tudor, Ciprian A.},
  doi           = {10.1080/07362990701540519},
  fjournal      = {Stochastic Analysis and Applications},
  issn          = {0736-2994,1532-9356},
  journal       = {Stoch. Anal. Appl.},
  mrclass       = {60H05 (60F05 60G18)},
  mrnumber      = {2352951},
  mrreviewer    = {Anna\ Talarczyk},
  number        = {5},
  pages         = {1043--1056},
  title         = {Wiener integrals with respect to the {H}ermite process and a non-central limit theorem},
  url           = {https://doi.org/10.1080/07362990701540519},
  volume        = {25},
  year          = {2007}
}
