@article{maejima.tudor:13:on,
  author        = {Maejima, Makoto and Tudor, Ciprian A.},
  doi           = {10.1016/j.spl.2013.02.019},
  fjournal      = {Statistics \& Probability Letters},
  issn          = {0167-7152,1879-2103},
  journal       = {Statist. Probab. Lett.},
  mrclass       = {60E07 (60G18)},
  mrnumber      = {3048314},
  mrreviewer    = {Guangjun\ Shen},
  number        = {6},
  pages         = {1490--1495},
  title         = {On the distribution of the {R}osenblatt process},
  url           = {https://doi.org/10.1016/j.spl.2013.02.019},
  volume        = {83},
  year          = {2013}
}
