@article{magdziarz:09:stochastic,
 author = {Magdziarz, Marcin},
 doi = {10.1016/j.spa.2009.05.006},
 fjournal = {Stochastic Processes and their Applications},
 issn = {0304-4149},
 journal = {Stochastic Process. Appl.},
 mrclass = {60G35 (60H10)},
 mrnumber = {2568272},
 number = {10},
 pages = {3238--3252},
 title = {Stochastic representation of subdiffusion processes with time-dependent drift},
 url = {https://doi.org/10.1016/j.spa.2009.05.006},
 volume = {119},
 year = {2009}
}
