@article{magdziarz.weron:11:ergodic,
  author        = {Magdziarz, Marcin and Weron, Aleksander},
  doi           = {10.1016/j.aop.2011.04.015},
  fjournal      = {Annals of Physics},
  issn          = {0003-4916},
  journal       = {Ann. Physics},
  mrclass       = {60G10 (60G51 60J60)},
  mrnumber      = {2825444},
  mrreviewer    = {Jian Wang},
  number        = {9},
  pages         = {2431--2443},
  title         = {Ergodic properties of anomalous diffusion processes},
  url           = {https://doi.org/10.1016/j.aop.2011.04.015},
  volume        = {326},
  year          = {2011}
}
