@article{magdziarz:10:path,
  author        = {Magdziarz, Marcin},
  doi           = {10.1080/15326341003756379},
  fjournal      = {Stochastic Models},
  issn          = {1532-6349},
  journal       = {Stoch. Models},
  mrclass       = {60G17 (60F15 60G44 60G52)},
  mrnumber      = {2739351},
  mrreviewer    = {Thierry Edmond Huillet},
  number        = {2},
  pages         = {256--271},
  title         = {Path properties of subdiffusion---a martingale approach},
  url           = {https://doi.org/10.1080/15326341003756379},
  volume        = {26},
  year          = {2010}
}
