@article{magnen.unterberger:18:scaling,
 author = {Magnen, Jacques and Unterberger, J\'{e}r\'{e}mie},
 doi = {10.1007/s10955-018-2014-0},
 fjournal = {Journal of Statistical Physics},
 issn = {0022-4715},
 journal = {J. Stat. Phys.},
 mrclass = {35K59 (35B50 35B51 35D40 35Q82 35R60 60H15 82C41)},
 mrnumber = {3790153},
 number = {4},
 pages = {543--598},
 title = {The scaling limit of the {KPZ} equation in space dimension
3 and higher},
 url = {https://doi.org/10.1007/s10955-018-2014-0},
 volume = {171},
 year = {2018}
}
