@article{magzhan.jani:13:review,
 author = {Magzhan, Kairanbay and Jani, Hajar Mat},
 journal = {International Journal of Scientific \& Technology
Research},
 number = {6},
 pages = {99--104},
 publisher = {Citeseer},
 title = {A review and evaluations of shortest path algorithms},
 volume = {2},
 year = {2013}
}
