@book{mahboubi:12:intermittency,
 author = {Mahboubi, Pejman},
 isbn = {978-1267-38883-4},
 mrclass = {Thesis},
 mrnumber = {3047228},
 note = {Thesis (Ph.D.)--University of California, Los Angeles},
 pages = {79},
 publisher = {ProQuest LLC, Ann Arbor, MI},
 title = {Intermittency of the {M}alliavin {D}erivatives and
{R}egularity of the {D}ensities for a {S}tochastic {H}eat
{E}quation},
 url = {http://gateway.proquest.com/openurl?url_ver=Z39.88-2004&rft_val_fmt=info:ofi/fmt:kev:mtx:dissertation&res_dat=xri:pqm&rft_dat=xri:pqdiss:3511287},
 year = {2012}
}
