@article{maillard.zeitouni:16:slowdown,
  author        = {Maillard, Pascal and Zeitouni, Ofer},
  doi           = {10.1214/15-AIHP675},
  fjournal      = {Annales de l'Institut Henri Poincar\'{e} Probabilit\'{e}s et Statistiques},
  issn          = {0246-0203,1778-7017},
  journal       = {Ann. Inst. Henri Poincar\'{e} Probab. Stat.},
  mrclass       = {60J80 (58J65 60J65)},
  mrnumber      = {3531703},
  mrreviewer    = {Bastien\ Mallein},
  number        = {3},
  pages         = {1144--1160},
  title         = {Slowdown in branching {B}rownian motion with inhomogeneous variance},
  url           = {https://doi.org/10.1214/15-AIHP675},
  volume        = {52},
  year          = {2016}
}
