@article{mainardi:96:fractional,
  author        = {Mainardi, Francesco},
  doi           = {10.1016/0960-0779(95)00125-5},
  fjournal      = {Chaos, Solitons \& Fractals},
  issn          = {0960-0779},
  journal       = {Chaos Solitons Fractals},
  mrclass       = {26A33},
  mrnumber      = {1409912},
  mrreviewer    = {K. S. Miller},
  number        = {9},
  pages         = {1461--1477},
  title         = {Fractional relaxation-oscillation and fractional diffusion-wave phenomena},
  url           = {https://doi.org/10.1016/0960-0779(95)00125-5},
  volume        = {7},
  year          = {1996}
}
