@article{mainardi.mura.ea:08:time-fractional,
 author = {Mainardi, Francesco and Mura, Antonio and Pagnini, Gianni
and Gorenflo, Rudolf},
 doi = {10.1177/1077546307087452},
 fjournal = {Journal of Vibration and Control},
 issn = {1077-5463,1741-2986},
 journal = {J. Vib. Control},
 mrclass = {35K57 (26A33 44A15)},
 mrnumber = {2463064},
 number = {9-10},
 pages = {1267--1290},
 title = {Time-fractional diffusion of distributed order},
 url = {https://doi.org/10.1177/1077546307087452},
 volume = {14},
 year = {2008}
}
