@article{mainardi:93:energy,
  author        = {Mainardi, Francesco},
  doi           = {10.1007/BF01040256},
  fjournal      = {Radiophysics and Quantum Electronics},
  issn          = {0033-8443},
  journal       = {Radiophys. and Quantum Electronics},
  mrclass       = {35L40 (35E20 35Q60 76B15 76C10 78A40)},
  mrnumber      = {1427027},
  number        = {7},
  pages         = {423--434 (1994)},
  title         = {Energy propagation for dispersive waves in dissipative media},
  url           = {https://doi.org/10.1007/BF01040256},
  volume        = {36},
  year          = {1993}
}
