@book{majda.harlim:12:filtering,
 author = {Majda, Andrew J. and Harlim, John},
 doi = {10.1017/CBO9781139061308},
 isbn = {978-1-107-01666-8},
 mrclass = {76-02 (35Q35 60G35 76F20 93E11)},
 mrnumber = {2934167},
 mrreviewer = {Lennaert\ van Veen},
 pages = {x+357},
 publisher = {Cambridge University Press, Cambridge},
 title = {Filtering complex turbulent systems},
 url = {https://doi.org/10.1017/CBO9781139061308},
 year = {2012}
}
