@incollection{majda:91:one,
  author        = {Majda, Andrew J.},
  booktitle     = {Multidimensional hyperbolic problems and computations ({M}inneapolis, {MN}, 1989)},
  doi           = {10.1007/978-1-4613-9121-0\_18},
  isbn          = {0-387-97485-7},
  mrclass       = {35L65 (65M99 76L05 76N15)},
  mrnumber      = {1087085},
  pages         = {217--238},
  publisher     = {Springer, New York},
  series        = {IMA Vol. Math. Appl.},
  title         = {One perspective on open problems in multi-dimensional conservation laws},
  url           = {https://doi.org/10.1007/978-1-4613-9121-0_18},
  volume        = {29},
  year          = {1991}
}
