@book{majda:16:introduction,
  author        = {Majda, Andrew J.},
  doi           = {10.1007/978-3-319-32217-9},
  isbn          = {978-3-319-32215-5; 978-3-319-32217-9},
  mrclass       = {37-02 (37H10 62M20 76F20 76F55 86A05 86A10)},
  mrnumber      = {3560633},
  mrreviewer    = {Xiaoming\ Wang},
  pages         = {xi+91},
  publisher     = {Springer, [Cham]},
  series        = {Frontiers in Applied Dynamical Systems: Reviews and Tutorials},
  title         = {Introduction to turbulent dynamical systems in complex systems},
  url           = {https://doi.org/10.1007/978-3-319-32217-9},
  volume        = {5},
  year          = {2016}
}
