@article{majumdar.mallick.ea:08:bethe,
  author        = {Majumdar, Satya N. and Mallick, Kirone and Nechaev, Sergei},
  doi           = {10.1103/PhysRevE.77.011110},
  fjournal      = {Physical Review E. Statistical, Nonlinear, and Soft Matter Physics},
  issn          = {1539-3755},
  journal       = {Phys. Rev. E (3)},
  mrclass       = {82B20 (92D20)},
  mrnumber      = {2448153},
  number        = {1},
  pages         = {011110, 10},
  title         = {Bethe ansatz in the {B}ernoulli matching model of random sequence alignment},
  url           = {https://doi.org/10.1103/PhysRevE.77.011110},
  volume        = {77},
  year          = {2008}
}
