@article{malicet.nourdin.ea:16:squared,
  author        = {Malicet, Dominique and Nourdin, Ivan and Peccati, Giovanni and Poly, Guillaume},
  doi           = {10.1016/j.jfa.2015.10.013},
  fjournal      = {Journal of Functional Analysis},
  issn          = {0022-1236},
  journal       = {J. Funct. Anal.},
  mrclass       = {60G15 (15A45 60E15 60G60 60J35)},
  mrnumber      = {3425898},
  mrreviewer    = {Kirstin Strokorb},
  number        = {2},
  pages         = {649--670},
  title         = {Squared chaotic random variables: new moment inequalities with applications},
  url           = {https://doi.org/10.1016/j.jfa.2015.10.013},
  volume        = {270},
  year          = {2016}
}
