@inproceedings{malliavin:78:stochastic,
 author = {Malliavin, Paul},
 booktitle = {Proceedings of the {I}nternational {S}ymposium on {S}tochastic {D}ifferential {E}quations ({R}es. {I}nst. {M}ath. {S}ci., {K}yoto {U}niv., {K}yoto, 1976)},
 mrclass = {60H05 (35H05 58G32 60J60)},
 mrnumber = {536013},
 mrreviewer = {Kiyosi It\^{o}},
 pages = {195--263},
 publisher = {Wiley, New York-Chichester-Brisbane},
 title = {Stochastic calculus of variation and hypoelliptic operators},
 year = {1978}
}
