@article{mansmann:91:free,
  author        = {Mansmann, Ulrich},
  doi           = {10.1080/17442509108833677},
  fjournal      = {Stochastics and Stochastics Reports},
  issn          = {1045-1129},
  journal       = {Stochastics Stochastics Rep.},
  mrclass       = {82B10 (60F10 60J65 81V70 82D25)},
  mrnumber      = {1104424},
  number        = {1-2},
  pages         = {93--125},
  title         = {The free energy of the {D}irac polaron, an explicit solution},
  url           = {https://doi.org/10.1080/17442509108833677},
  volume        = {34},
  year          = {1991}
}
