@article{manthey.zausinger:99:stochastic,
 author = {Manthey, Ralf and Zausinger, Thomas},
 doi = {10.1080/17442509908834186},
 fjournal = {Stochastics and Stochastics Reports},
 issn = {1045-1129},
 journal = {Stochastics Stochastics Rep.},
 mrclass = {60H15},
 mrnumber = {1687799},
 number = {1-2},
 pages = {37--85},
 title = {Stochastic evolution equations in {$L^{2\nu}_\rho$}},
 url = {https://doi.org/10.1080/17442509908834186},
 volume = {66},
 year = {1999}
}
