@article{marcus.rosen:94:laws,
  author        = {Marcus, Michael B. and Rosen, Jay},
  fjournal      = {The Annals of Probability},
  issn          = {0091-1798},
  journal       = {Ann. Probab.},
  mrclass       = {60J55 (60F15)},
  mrnumber      = {1288125},
  mrreviewer    = {Endre Cs\'{a}ki},
  number        = {2},
  pages         = {626--658},
  title         = {Laws of the iterated logarithm for the local times of symmetric {L}evy processes and recurrent random walks},
  url           = {http://links.jstor.org/sici?sici=0091-1798(199404)22:2<626:LOTILF>2.0.CO;2-B\&origin=MSN},
  volume        = {22},
  year          = {1994}
}
