@book{marchioro.pulvirenti:94:mathematical,
 author = {Marchioro, Carlo and Pulvirenti, Mario},
 doi = {10.1007/978-1-4612-4284-0},
 isbn = {0-387-94044-8},
 mrclass = {76-02 (35Q35 76Cxx 76E99 76F99 76M25)},
 mrnumber = {1245492},
 mrreviewer = {J. Thomas Beale},
 pages = {xii+283},
 publisher = {Springer-Verlag, New York},
 series = {Applied Mathematical Sciences},
 title = {Mathematical theory of incompressible nonviscous fluids},
 url = {https://doi.org/10.1007/978-1-4612-4284-0},
 volume = {96},
 year = {1994}
}
