@article{marcus.rosen:92:sample,
  author        = {Marcus, Michael B. and Rosen, Jay},
  fjournal      = {The Annals of Probability},
  issn          = {0091-1798,2168-894X},
  journal       = {Ann. Probab.},
  mrclass       = {60G15 (60J25 60J55)},
  mrnumber      = {1188037},
  mrreviewer    = {Robert\ J.\ Adler},
  number        = {4},
  pages         = {1603--1684},
  title         = {Sample path properties of the local times of strongly symmetric {M}arkov processes via {G}aussian processes},
  url           = {http://links.jstor.org/sici?sici=0091-1798(199210)20:4<1603:SPPOTL>2.0.CO;2-Q\&origin=MSN},
  volume        = {20},
  year          = {1992}
}
