@article{marcenko.pastur:67:distribution,
 author = {Mar\v{c}enko, V. A. and Pastur, L. A.},
 fjournal = {Matematicheskiu{i} Sbornik. Novaya Seriya},
 issn = {0368-8666},
 journal = {Mat. Sb. (N.S.)},
 mrclass = {60.30 (60.90)},
 mrnumber = {208649},
 mrreviewer = {J. G. Wendel},
 pages = {507--536},
 title = {Distribution of eigenvalues in certain sets of random matrices},
 volume = {72(114)},
 year = {1967}
}
