@incollection{marino:11:string,
  author        = {Mari\~{n}o, Marcos},
  booktitle     = {The {O}xford handbook of random matrix theory},
  mrclass       = {81T30 (15A30)},
  mrnumber      = {2932651},
  mrreviewer    = {Brad Safnuk},
  pages         = {641--660},
  publisher     = {Oxford Univ. Press, Oxford},
  title         = {String theory},
  year          = {2011}
}
