@book{markushevich:77:theory,
  author        = {Markushevich, A. I.},
  edition       = {English},
  mrclass       = {30-01},
  mrnumber      = {0444912},
  note          = {Translated and edited by Richard A. Silverman},
  pages         = {xxii+1238 pp. (three volumes in one; not consecutively paged) ISBN 0--8284--0296--5},
  publisher     = {Chelsea Publishing Co., New York},
  title         = {Theory of functions of a complex variable. {V}ol. {I}, {II}, {III}},
  year          = {1977}
}
