@article{marquez-carreras.tindel:03:on,
 author = {M\'{a}rquez-Carreras, David and Tindel, Samy},
 doi = {10.1081/SAP-120026109},
 fjournal = {Stochastic Analysis and Applications},
 issn = {0736-2994},
 journal = {Stochastic Anal. Appl.},
 mrclass = {58J65 (22E67 43A77 60E05 60H07)},
 mrnumber = {2014560},
 mrreviewer = {Ali S\"{u}leyman \"{U}st\"{u}nel},
 number = {6},
 pages = {1333--1352},
 title = {On exponential moments for functionals defined on the loop
group},
 url = {https://doi.org/10.1081/SAP-120026109},
 volume = {21},
 year = {2003}
}
