@article{marquez-carreras.rovira.ea:11:model,
 author = {M\'{a}rquez-Carreras, David and Rovira, Carles and Tindel,
Samy},
 doi = {10.31390/cosa.5.1.07},
 fjournal = {Communications on Stochastic Analysis},
 journal = {Commun. Stoch. Anal.},
 mrclass = {60K37 (60G15 60K35 82B41)},
 mrnumber = {2808538},
 mrreviewer = {Timo Sepp\"{a}l\"{a}inen},
 number = {1},
 pages = {103--120},
 title = {A model of continuous time polymer on the lattice},
 url = {https://doi.org/10.31390/cosa.5.1.07},
 volume = {5},
 year = {2011}
}
