@article{marquez-carreras.sanz-sole:99:expansion,
 author = {M\'{a}rquez-Carreras, David and Sanz-Sol\'{e}, Marta},
 doi = {10.2307/3318435},
 fjournal = {Bernoulli. Official Journal of the Bernoulli Society for Mathematical Statistics and Probability},
 issn = {1350-7265},
 journal = {Bernoulli},
 mrclass = {60H07 (46N30 60H15)},
 mrnumber = {1681698},
 mrreviewer = {Catherine Donati-Martin},
 number = {2},
 pages = {257--274},
 title = {Expansion of the density: a {W}iener-chaos approach},
 url = {https://doi.org/10.2307/3318435},
 volume = {5},
 year = {1999}
}
