@incollection{marquez-carreras.sanz-sole:98:taylor,
 author = {M\'{a}rquez-Carreras, David and Sanz-Sol\'{e}, Marta},
 fjournal = {Universitat de Barcelona. Collectanea Mathematica},
 issn = {0010-0757},
 journal = {Collect. Math.},
 mrclass = {60H07 (35K05 35R60 60H15)},
 mrnumber = {1677116},
 mrreviewer = {Nicolas Privault},
 note = {Dedicated to the memory of Fernando Serrano},
 number = {2-3},
 pages = {399--415},
 title = {Taylor expansion of the density in a stochastic heat equation},
 volume = {49},
 year = {1998}
}
