@article{marton:96:measure,
  author        = {Marton, K.},
  doi           = {10.1007/BF02249263},
  fjournal      = {Geometric and Functional Analysis},
  issn          = {1016-443X},
  journal       = {Geom. Funct. Anal.},
  mrclass       = {60J05},
  mrnumber      = {1392329},
  mrreviewer    = {M. Iosifescu},
  number        = {3},
  pages         = {556--571},
  title         = {A measure concentration inequality for contracting {M}arkov chains},
  url           = {https://doi.org/10.1007/BF02249263},
  volume        = {6},
  year          = {1996}
}
