@article{martin:04:small,
  author        = {Martin, A.},
  doi           = {10.1023/B:JOTP.0000040294.12188.cd},
  fjournal      = {Journal of Theoretical Probability},
  issn          = {0894-9840},
  journal       = {J. Theoret. Probab.},
  mrclass       = {60H15 (35L70 35R60)},
  mrnumber      = {2091556},
  mrreviewer    = {B. G. Pachpatte},
  number        = {3},
  pages         = {693--703},
  title         = {Small ball asymptotics for the stochastic wave equation},
  url           = {https://doi.org/10.1023/B:JOTP.0000040294.12188.cd},
  volume        = {17},
  year          = {2004}
}
