@article{marton:96:bounding,
 author = {Marton, K.},
 doi = {10.1214/aop/1039639365},
 fjournal = {The Annals of Probability},
 issn = {0091-1798},
 journal = {Ann. Probab.},
 mrclass = {60F10 (60G70)},
 mrnumber = {1404531},
 number = {2},
 pages = {857--866},
 title = {Bounding {$\overline d$}-distance by informational
divergence: a method to prove measure concentration},
 url = {https://doi.org/10.1214/aop/1039639365},
 volume = {24},
 year = {1996}
}
