@article{maruyama:70:infinitely,
  author        = {Maruyama, G.},
  fjournal      = {Akademija Nauk SSSR. Teorija Verojatnosteu{i} i ee Primenenija},
  issn          = {0040-361x},
  journal       = {Teor. Verojatnost. i Primenen.},
  mrclass       = {60.40},
  mrnumber      = {285046},
  mrreviewer    = {J. G. Wendel},
  pages         = {3--23},
  title         = {Infinitely divisible processes},
  volume        = {15},
  year          = {1970}
}
