@article{maslowski.seidler:01:strong,
 author = {Maslowski, Bohdan and Seidler, Jan},
 doi = {10.4064/sm148-2-2},
 fjournal = {Studia Mathematica},
 issn = {0039-3223,1730-6337},
 journal = {Studia Math.},
 mrclass = {60H15 (60J35)},
 mrnumber = {1881256},
 mrreviewer = {Isabel\ Sim\~{a}o},
 number = {2},
 pages = {111--129},
 title = {Strong {F}eller solutions to {SPDE}'s are strong {F}eller in the weak topology},
 url = {https://doi.org/10.4064/sm148-2-2},
 volume = {148},
 year = {2001}
}
