@article{maslowski.tudor:13:drift,
  author        = {Maslowski, Bohdan and Tudor, Ciprian A.},
  doi           = {10.1016/j.bulsci.2013.04.008},
  fjournal      = {Bulletin des Sciences Math\'ematiques},
  issn          = {0007-4497,1952-4773},
  journal       = {Bull. Sci. Math.},
  mrclass       = {60H15 (60G22 60H07 62F10 62M05)},
  mrnumber      = {3116218},
  mrreviewer    = {Nicolas\ Fournier},
  number        = {7},
  pages         = {880--901},
  title         = {Drift parameter estimation for infinite-dimensional fractional {O}rnstein-{U}hlenbeck process},
  url           = {https://doi.org/10.1016/j.bulsci.2013.04.008},
  volume        = {137},
  year          = {2013}
}
