@article{maslowski.seidler:94:ergodic,
  author        = {Maslowski, Bohdan and Seidler, Jan},
  fjournal      = {Osaka Journal of Mathematics},
  issn          = {0030-6126},
  journal       = {Osaka J. Math.},
  mrclass       = {60H10 (34F05 34G20 47D07)},
  mrnumber      = {1315015},
  mrreviewer    = {Yasushi\ Ishikawa},
  number        = {4},
  pages         = {965--1003},
  title         = {Ergodic properties of recurrent solutions of stochastic evolution equations},
  url           = {http://projecteuclid.org/euclid.ojm/1200785644},
  volume        = {31},
  year          = {1994}
}
