@book{massart:07:concentration,
 author = {Massart, Pascal},
 isbn = {978-3-540-48497-4; 3-540-48497-3},
 mrclass = {62-02 (60E15 62B10 62G05 62G07 62G30 94A17)},
 mrnumber = {2319879},
 note = {Lectures from the 33rd Summer School on Probability Theory held in Saint-Flour, July 6--23, 2003, With a foreword by Jean Picard},
 pages = {xiv+337},
 publisher = {Springer, Berlin},
 series = {Lecture Notes in Mathematics},
 title = {Concentration inequalities and model selection},
 volume = {1896},
 year = {2007}
}
