@article{masuda:84:analytic,
  author        = {Masuda, Ky\={u}ya},
  doi           = {10.1007/BF01163166},
  fjournal      = {Mathematische Zeitschrift},
  issn          = {0025-5874},
  journal       = {Math. Z.},
  mrclass       = {35K55 (34G20)},
  mrnumber      = {753420},
  mrreviewer    = {Jan Pr\"{u}ss},
  number        = {1},
  pages         = {61--73},
  title         = {Analytic solutions of some nonlinear diffusion equations},
  url           = {https://doi.org/10.1007/BF01163166},
  volume        = {187},
  year          = {1984}
}
