@book{mathai.saxena.ea:10:h-function,
 author = {Mathai, A. M. and Saxena, Ram Kishore and Haubold, Hans J.},
 doi = {10.1007/978-1-4419-0916-9},
 isbn = {978-1-4419-0915-2},
 mrclass = {33-02 (33C60 33C90)},
 mrnumber = {2562766},
 mrreviewer = {Djurdje Cvijovi\'{c}},
 note = {Theory and applications},
 pages = {xiv+268},
 publisher = {Springer, New York},
 title = {The {$H$}-function},
 url = {https://doi.org/10.1007/978-1-4419-0916-9},
 year = {2010}
}
