@book{mathai.saxena:78:h-function,
 author = {Mathai, A. M. and Saxena, R. K.},
 isbn = {0-470-26380-6},
 mrclass = {33A35 (62E10 62H05)},
 mrnumber = {513025},
 mrreviewer = {R. G. Buschman},
 pages = {xii+192},
 publisher = {Halsted Press [John Wiley \& Sons], New York-London-Sydney},
 title = {The {$H$}-function with applications in statistics and other disciplines},
 year = {1978}
}
