@article{matsushita.wakita.ea:98:interface,
  author        = {M. Matsushita and J. Wakita and H. Itoh and I. R\`{a}fols and T. Matsuyama and H. Sakaguchi and M. Mimura},
  doi           = {https://doi.org/10.1016/S0378-4371(97)00511-6},
  issn          = {0378-4371},
  journal       = {Physica A: Statistical Mechanics and its Applications},
  keywords      = {Pattern formation, Bacterial colony, Interface growth, Self-affinity},
  number        = {1},
  pages         = {517--524},
  title         = {Interface growth and pattern formation in bacterial colonies},
  url           = {https://www.sciencedirect.com/science/article/pii/S0378437197005116},
  volume        = {249},
  year          = {1998}
}
