@book{mattila:95:geometry,
  author        = {Mattila, Pertti},
  doi           = {10.1017/CBO9780511623813},
  isbn          = {0-521-46576-1; 0-521-65595-1},
  mrclass       = {28A75 (49Q20)},
  mrnumber      = {1333890},
  mrreviewer    = {Harold Parks},
  note          = {Fractals and rectifiability},
  pages         = {xii+343},
  publisher     = {Cambridge University Press, Cambridge},
  series        = {Cambridge Studies in Advanced Mathematics},
  title         = {Geometry of sets and measures in {E}uclidean spaces},
  url           = {https://doi.org/10.1017/CBO9780511623813},
  volume        = {44},
  year          = {1995}
}
