@book{mattingly:98:stochastic,
  author        = {Mattingly, Jonathan Christopher},
  isbn          = {978-0599-19603-2},
  mrclass       = {99-05},
  mrnumber      = {2698764},
  note          = {Thesis (Ph.D.)--Princeton University},
  pages         = {140},
  publisher     = {ProQuest LLC, Ann Arbor, MI},
  title         = {The stochastic {N}avier-{S}tokes equation: {E}nergy estimates and phase space contraction},
  url           = {http://gateway.proquest.com/openurl?url_ver=Z39.88-2004&rft_val_fmt=info:ofi/fmt:kev:mtx:dissertation&res_dat=xri:pqdiss&rft_dat=xri:pqdiss:9920450},
  year          = {1998}
}
