@article{mattingly.pardoux:14:invariant,
  author        = {Mattingly, Jonathan C. and Pardoux, Etienne},
  doi           = {10.3934/dcds.2014.34.4223},
  fjournal      = {Discrete and Continuous Dynamical Systems. Series A},
  issn          = {1078-0947,1553-5231},
  journal       = {Discrete Contin. Dyn. Syst.},
  mrclass       = {60H10 (34C29 37A60 37L40)},
  mrnumber      = {3195367},
  mrreviewer    = {Iulian\ Stoleriu},
  number        = {10},
  pages         = {4223--4257},
  title         = {Invariant measure selection by noise. {A}n example},
  url           = {https://doi.org/10.3934/dcds.2014.34.4223},
  volume        = {34},
  year          = {2014}
}
