@article{mattingly:02:exponential,
  author        = {Mattingly, Jonathan C.},
  doi           = {10.1007/s00220-002-0688-1},
  fjournal      = {Communications in Mathematical Physics},
  issn          = {0010-3616,1432-0916},
  journal       = {Comm. Math. Phys.},
  mrclass       = {76D05 (35Q30 37H99 37L99 60H10 60H15 76M35)},
  mrnumber      = {1937652},
  number        = {3},
  pages         = {421--462},
  title         = {Exponential convergence for the stochastically forced {N}avier-{S}tokes equations and other partially dissipative dynamics},
  url           = {https://doi.org/10.1007/s00220-002-0688-1},
  volume        = {230},
  year          = {2002}
}
