@article{maunuksela.myllys.ea:97:kinetic,
 author = {Maunuksela, J. and Myllys, M. and K\"ahk\"onen, O.-P. and
Timonen, J. and Provatas, N. and Alava, M. J. and
Ala-Nissila, T.},
 doi = {10.1103/PhysRevLett.79.1515},
 issue = {8},
 journal = {Phys. Rev. Lett.},
 month = {Aug},
 numpages = {0},
 pages = {1515--1518},
 publisher = {American Physical Society},
 title = {Kinetic Roughening in Slow Combustion of Paper},
 url = {https://link.aps.org/doi/10.1103/PhysRevLett.79.1515},
 volume = {79},
 year = {1997}
}
