@incollection{maximon:10:3j-6j-9j,
 author = {Maximon, L. C.},
 booktitle = {N{IST} handbook of mathematical functions},
 mrclass = {33C80},
 mrnumber = {2655374},
 pages = {757--766},
 publisher = {U.S. Dept. Commerce, Washington, DC},
 title = {{$3j,6j,9j$} symbols},
 year = {2010}
}
