@incollection{mayer-wolf.nualart.ea:92:large,
  author        = {Mayer-Wolf, Eduardo and Nualart, David and P\'{e}rez-Abreu, V\'{i}ctor},
  booktitle     = {S\'{e}minaire de {P}robabilit\'{e}s, {XXVI}},
  doi           = {10.1007/BFb0084307},
  mrclass       = {60F10 (60G17 60H05)},
  mrnumber      = {1231980},
  mrreviewer    = {Toshio Mori},
  pages         = {11--31},
  publisher     = {Springer, Berlin},
  series        = {Lecture Notes in Math.},
  title         = {Large deviations for multiple {W}iener-{I}t\^{o} integral processes},
  url           = {https://doi.org/10.1007/BFb0084307},
  volume        = {1526},
  year          = {1992}
}
