@article{maz-ja:73:coercivity,
 author = {Maz{\cprime}ja, V. G.},
 fjournal = {Izvestija Vys\v{s}ih U\v{c}ebnyh Zavedeniu{i} Matematika},
 issn = {0021-3446},
 journal = {Izv. Vys\v{s}. U\v{c}ebn. Zaved. Matematika},
 mrclass = {35J25},
 mrnumber = {0326152},
 mrreviewer = {P. Szeptycki},
 number = {4(131)},
 pages = {64--76},
 title = {The coercivity of the {D}irichlet problem in a domain with
irregular boundary},
 year = {1973}
}
