@article{mazliak.nourdin:08:optimal,
 author = {Mazliak, Laurent and Nourdin, Ivan},
 doi = {10.1142/S021949370800224X},
 fjournal = {Stochastics and Dynamics},
 issn = {0219-4937},
 journal = {Stoch. Dyn.},
 mrclass = {49J22 (34H05 49J45)},
 mrnumber = {2399923},
 mrreviewer = {Min Sun},
 number = {1},
 pages = {23--33},
 title = {Optimal control for rough differential equations},
 url = {https://doi.org/10.1142/S021949370800224X},
 volume = {8},
 year = {2008}
}
