@article{mazya.mitrea.ea:10:dirichlet,
 author = {Maz'ya, V. and Mitrea, M. and Shaposhnikova, T.},
 doi = {10.1007/s11854-010-0005-4},
 fjournal = {Journal d'Analyse Math\'{e}matique},
 issn = {0021-7670},
 journal = {J. Anal. Math.},
 mrclass = {35J58 (46E35)},
 mrnumber = {2753293},
 mrreviewer = {Mikhail P. Vishnevskii},
 pages = {167--239},
 title = {The {D}irichlet problem in {L}ipschitz domains for higher
order elliptic systems with rough coefficients},
 url = {https://doi.org/10.1007/s11854-010-0005-4},
 volume = {110},
 year = {2010}
}
