@article{mccoy.tracy.ea:77:painleve,
 author = {McCoy, Barry M. and Tracy, Craig A. and Wu, Tai Tsun},
 doi = {10.1063/1.523367},
 fjournal = {Journal of Mathematical Physics},
 issn = {0022-2488},
 journal = {J. Mathematical Phys.},
 mrclass = {34B30 (81.34)},
 mrnumber = {473322},
 number = {5},
 pages = {1058--1092},
 title = {Painlev\'{e} functions of the third kind},
 url = {https://doi.org/10.1063/1.523367},
 volume = {18},
 year = {1977}
}
