@article{mccoy.tracy.ea:77:connection,
 author = {McCoy, Barry M. and Tracy, Craig A. and Wu, Tai Tsun},
 doi = {10.1016/0375-9601(77)90613-2},
 fjournal = {Physics Letters. A},
 issn = {0375-9601},
 journal = {Phys. Lett. A},
 mrclass = {34A20 (58F05)},
 mrnumber = {592243},
 number = {5},
 pages = {283--284},
 title = {Connection between the {K}d{V} equation and the
two-dimensional {I}sing model},
 url = {https://doi.org/10.1016/0375-9601(77)90613-2},
 volume = {61},
 year = {1977}
}
