@article{mcguire:64:study,
 author = {McGuire, J. B.},
 doi = {10.1063/1.1704156},
 fjournal = {Journal of Mathematical Physics},
 issn = {0022-2488},
 journal = {J. Mathematical Phys.},
 mrclass = {81.34},
 mrnumber = {161667},
 mrreviewer = {M. Eisner},
 pages = {622--636},
 title = {Study of exactly soluble one-dimensional {$N$}-body problems},
 url = {https://doi.org/10.1063/1.1704156},
 volume = {5},
 year = {1964}
}
