@article{mckane:80:reformulation,
 author = {McKane, A. J.},
 doi = {10.1016/0375-9601(80)90136-X},
 fjournal = {Physics Letters. A},
 issn = {0375-9601},
 journal = {Phys. Lett. A},
 mrclass = {82A42 (81E99)},
 mrnumber = {594576},
 number = {1},
 pages = {22--24},
 title = {Reformulation of {$n\rightarrow 0$} models using
anticommuting scalar fields},
 url = {https://doi.org/10.1016/0375-9601(80)90136-X},
 volume = {76},
 year = {1980}
}
