@article{mckean:95:statistical*1,
  author        = {McKean, H. P.},
  doi           = {10.1007/BF02184878},
  fjournal      = {Journal of Statistical Physics},
  issn          = {0022-4715},
  journal       = {J. Statist. Phys.},
  mrclass       = {35Q99 (35L70 81Q05 82C03)},
  mrnumber      = {1327904},
  mrreviewer    = {Piotr Biler},
  number        = {3-4},
  pages         = {731--737},
  title         = {Statistical mechanics of nonlinear wave equations. {III}. {M}etric transitivity for hyperbolic sine-{G}ordon},
  url           = {https://doi.org/10.1007/BF02184878},
  volume        = {79},
  year          = {1995}
}
