@article{mckean:67:exponential,
  author        = {McKean, Jr., H. P.},
  fjournal      = {Journal of Combinatorial Theory},
  issn          = {0021-9800},
  journal       = {J. Combinatorial Theory},
  mrclass       = {82.60 (60.00)},
  mrnumber      = {224348},
  mrreviewer    = {E. Bareiss},
  pages         = {358--382},
  title         = {An exponential formula for solving {B}oltmann's equation for a {M}axwellian gas},
  volume        = {2},
  year          = {1967}
}
