@article{mckean:76:correction,
  author        = {McKean, H. P.},
  doi           = {10.1002/cpa.3160290507},
  fjournal      = {Communications on Pure and Applied Mathematics},
  issn          = {0010-3640},
  journal       = {Comm. Pure Appl. Math.},
  mrclass       = {60J65},
  mrnumber      = {423558},
  mrreviewer    = {Richard S. Ellis},
  number        = {5},
  pages         = {553--554},
  title         = {A correction to: ``{A}pplication of {B}rownian motion to the equation of {K}olmogorov-{P}etrovskiu{i}-{P}iskonov'' ({C}omm. {P}ure {A}ppl. {M}ath. {\bf 28} (1975), no. 3, 323--331)},
  url           = {https://doi.org/10.1002/cpa.3160290507},
  volume        = {29},
  year          = {1976}
}
