@article{meakin.jullien:89:spatially,
 author = {P. Meakin and R. Jullien},
 doi = {10.1209/0295-5075/9/1/013},
 fjournal = {Europhysics Letters},
 journal = {Europhysics Letters},
 month = {may},
 number = {1},
 pages = {71},
 title = {Spatially Correlated Ballistic Deposition},
 url = {https://dx.doi.org/10.1209/0295-5075/9/1/013},
 volume = {9},
 year = {1989}
}
