@article{meakin.jullien:90:spatially,
  author        = {Meakin, Paul and Jullien, Remi},
  doi           = {10.1103/PhysRevA.41.983},
  issue         = {2},
  journal       = {Phys. Rev. A},
  month         = {Jan},
  numpages      = {0},
  pages         = {983--993},
  publisher     = {American Physical Society},
  title         = {Spatially correlated ballistic deposition on one- and two-dimensional surfaces},
  url           = {https://link.aps.org/doi/10.1103/PhysRevA.41.983},
  volume        = {41},
  year          = {1990}
}
