@article{meakin.ramanlal.ea:86:ballistic,
 author = {Meakin, Paul and Ramanlal, P. and Sander, L. M. and Ball,
R. C.},
 doi = {10.1103/PhysRevA.34.5091},
 issue = {6},
 journal = {Phys. Rev. A},
 month = {Dec},
 numpages = {0},
 pages = {5091--5103},
 publisher = {American Physical Society},
 title = {Ballistic deposition on surfaces},
 url = {https://link.aps.org/doi/10.1103/PhysRevA.34.5091},
 volume = {34},
 year = {1986}
}
