@article{meakin.jullien.ea:86:large-scale,
 author = {P. Meakin and R. Jullien and R. Botet},
 doi = {10.1209/0295-5075/1/12/001},
 journal = {Europhysics Letters},
 month = {jun},
 number = {12},
 pages = {609},
 publisher = {},
 title = {Large-Scale Numerical Investigation of the Surface of Eden Clusters},
 url = {https://dx.doi.org/10.1209/0295-5075/1/12/001},
 volume = {1},
 year = {1986}
}
