@article{medina.hwa.ea:89:burgers,
 author = {Medina, Ernesto and Hwa, Terence and Kardar, Mehran and Zhang, Yi Cheng},
 doi = {10.1103/PhysRevA.39.3053},
 fjournal = {Physical Review. A. Third Series},
 issn = {1050-2947},
 journal = {Phys. Rev. A (3)},
 mrclass = {82A31 (76R50 82A25 82A51 82A70)},
 mrnumber = {988871},
 number = {6},
 pages = {3053--3075},
 title = {Burgers' equation with correlated noise: renormalization-group analysis and applications to directed polymers and interface growth},
 url = {https://doi.org/10.1103/PhysRevA.39.3053},
 volume = {39},
 year = {1989}
}
