@article{meerschaert.scheffler:08:triangular,
 author = {Meerschaert, Mark M. and Scheffler, Hans-Peter},
 doi = {10.1016/j.spa.2007.10.005},
 fjournal = {Stochastic Processes and their Applications},
 issn = {0304-4149},
 journal = {Stochastic Process. Appl.},
 mrclass = {60G50 (60F17 60H30)},
 mrnumber = {2442372},
 mrreviewer = {Wolfgang K\"{o}nig},
 number = {9},
 pages = {1606--1633},
 title = {Triangular array limits for continuous time random walks},
 url = {https://doi.org/10.1016/j.spa.2007.10.005},
 volume = {118},
 year = {2008}
}
