@article{meerschaert.nane.ea:13:transient,
  author        = {Meerschaert, Mark M. and Nane, Erkan and Vellaisamy, P.},
  doi           = {10.1090/S0002-9939-2012-11362-0},
  fjournal      = {Proceedings of the American Mathematical Society},
  issn          = {0002-9939},
  journal       = {Proc. Amer. Math. Soc.},
  mrclass       = {35R11 (35C10 35D35 60G22 60G52 60H10)},
  mrnumber      = {2996975},
  mrreviewer    = {M. Pilar Velasco},
  number        = {2},
  pages         = {699--710},
  title         = {Transient anomalous sub-diffusion on bounded domains},
  url           = {https://doi.org/10.1090/S0002-9939-2012-11362-0},
  volume        = {141},
  year          = {2013}
}
