@incollection{meerschaert.nane.ea:19:inverse,
  author        = {Meerschaert, Mark M. and Nane, Erkan and Vellaisamy, P.},
  booktitle     = {Handbook of fractional calculus with applications. {V}ol. 1},
  mrclass       = {60K05 (26A33 33E12 35R11)},
  mrnumber      = {3888411},
  pages         = {407--426},
  publisher     = {De Gruyter, Berlin},
  title         = {Inverse subordinators and time fractional equations},
  year          = {2019}
}
