@article{meerson.katzav.ea:16:large,
  author        = {Meerson, Baruch and Katzav, Eytan and Vilenkin, Arkady},
  doi           = {10.1103/PhysRevLett.116.070601},
  fjournal      = {Physical Review Letters},
  issn          = {0031-9007},
  journal       = {Phys. Rev. Lett.},
  mrclass       = {35R60},
  mrnumber      = {3582125},
  number        = {7},
  pages         = {070601, 5},
  title         = {Large deviations of surface height in the {K}ardar-{P}arisi-{Z}hang equation},
  url           = {https://doi.org/10.1103/PhysRevLett.116.070601},
  volume        = {116},
  year          = {2016}
}
