@article{meerschaert.wang.ea:13:fernique-type,
  author        = {Meerschaert, Mark M. and Wang, Wensheng and Xiao, Yimin},
  doi           = {10.1090/S0002-9947-2012-05678-9},
  fjournal      = {Transactions of the American Mathematical Society},
  issn          = {0002-9947},
  journal       = {Trans. Amer. Math. Soc.},
  mrclass       = {60G15 (60F15 60G17 60G60)},
  mrnumber      = {2995384},
  mrreviewer    = {Lee-Peng Teo},
  number        = {2},
  pages         = {1081--1107},
  title         = {Fernique-type inequalities and moduli of continuity for anisotropic {G}aussian random fields},
  url           = {https://doi.org/10.1090/S0002-9947-2012-05678-9},
  volume        = {365},
  year          = {2013}
}
