@book{meerschaert.sikorskii:12:stochastic,
  author        = {Meerschaert, Mark M. and Sikorskii, Alla},
  isbn          = {978-3-11-025869-1},
  mrclass       = {60G22 (26A33 60E07 60F05 60F17 60G52 60G60 60J60)},
  mrnumber      = {2884383},
  mrreviewer    = {Marcin Magdziarz},
  pages         = {x+291},
  publisher     = {Walter de Gruyter \& Co., Berlin},
  series        = {De Gruyter Studies in Mathematics},
  title         = {Stochastic models for fractional calculus},
  volume        = {43},
  year          = {2012}
}
