@book{meerschaert.scheffler:01:limit,
 author = {Meerschaert, Mark M. and Scheffler, Hans-Peter},
 isbn = {0-471-35629-8},
 mrclass = {60F05 (60F10 60F15 60G18)},
 mrnumber = {1840531},
 mrreviewer = {Stergios B. Fotopoulos},
 note = {Heavy tails in theory and practice},
 pages = {xvi+484},
 publisher = {John Wiley \& Sons, Inc., New York},
 series = {Wiley Series in Probability and Statistics: Probability and Statistics},
 title = {Limit distributions for sums of independent random vectors},
 year = {2001}
}
