@article{meerschaert.nane.ea:08:large,
 author = {Meerschaert, Mark M. and Nane, Erkan and Xiao, Yimin},
 doi = {10.1016/j.jmaa.2008.05.087},
 fjournal = {Journal of Mathematical Analysis and Applications},
 issn = {0022-247X},
 journal = {J. Math. Anal. Appl.},
 mrclass = {60F10 (60G18 60G52 60J65)},
 mrnumber = {2431539},
 mrreviewer = {Anna Amirdjanova},
 number = {2},
 pages = {432--445},
 title = {Large deviations for local time fractional {B}rownian motion and applications},
 url = {https://doi.org/10.1016/j.jmaa.2008.05.087},
 volume = {346},
 year = {2008}
}
