@article{meerschaert.schilling.ea:15:stochastic,
 author = {Meerschaert, Mark M. and Schilling, Ren\'{e} L. and
Sikorskii, Alla},
 doi = {10.1007/s11071-014-1299-z},
 fjournal = {Nonlinear Dynamics. An International Journal of Nonlinear
Dynamics and Chaos in Engineering Systems},
 issn = {0924-090X},
 journal = {Nonlinear Dynam.},
 mrclass = {35R11 (35C05 82C41)},
 mrnumber = {3343424},
 mrreviewer = {Roberto Garra},
 number = {4},
 pages = {1685--1695},
 title = {Stochastic solutions for fractional wave equations},
 url = {https://doi.org/10.1007/s11071-014-1299-z},
 volume = {80},
 year = {2015}
}
