@article{meerschaert.wu.ea:08:local,
 author = {Meerschaert, Mark and Wu, Dongsheng and Xiao, Yimin},
 doi = {10.3150/08-BEJ126},
 fjournal = {Bernoulli. Official Journal of the Bernoulli Society for
Mathematical Statistics and Probability},
 issn = {1350-7265,1573-9759},
 journal = {Bernoulli},
 mrclass = {60G22 (60G60 60J55)},
 mrnumber = {2537815},
 mrreviewer = {Josep\ Vives},
 number = {3},
 pages = {865--898},
 title = {Local times of multifractional {B}rownian sheets},
 url = {https://doi.org/10.3150/08-BEJ126},
 volume = {14},
 year = {2008}
}
