@article{megow.mehlhorn.ea:12:online,
  author        = {Nicole Megow and Kurt Mehlhorn and Pascal Schweitzer},
  journal       = {Theor. Comput. Sci.},
  pages         = {62--72},
  title         = {Online graph exploration: New results on old and new algorithms},
  volume        = {463},
  year          = {2012}
}
