@incollection{megow.mehlhorn.ea:11:online,
 author = {Megow, Nicole and Mehlhorn, Kurt and Schweitzer, Pascal},
 booktitle = {Automata, Languages and Programming},
 pages = {478--489},
 publisher = {Springer},
 title = {Online graph exploration: new results on old and new
algorithms},
 year = {2011}
}
