@book{mehta:67:random,
  author        = {Mehta, M. L.},
  mrclass       = {82.60},
  mrnumber      = {220494},
  mrreviewer    = {N. Rosenzweig},
  pages         = {x+259},
  publisher     = {Academic Press, New York-London},
  title         = {Random matrices and the statistical theory of energy levels},
  year          = {1967}
}
