@incollection{men-shikov.molchanov.ea:86:percolation,
 author = {Men{\cprime}shikov, M. V. and Molchanov, S. A. and
Sidorenko, A. F.},
 booktitle = {Probability theory. {M}athematical statistics.
{T}heoretical cybernetics, {V}ol. 24 ({R}ussian)},
 mrclass = {60K35 (82-02 82A43)},
 mrnumber = {865158},
 mrreviewer = {P. A. Kuchment},
 note = {Translated in J. Soviet Math. {{\bf{4}}2} (1988), no. 4,
1766--1810},
 pages = {53--110, i},
 publisher = {Akad. Nauk SSSR, Vsesoyuz. Inst. Nauchn. i Tekhn. Inform.,
Moscow},
 series = {Itogi Nauki i Tekhniki},
 title = {Percolation theory and some applications},
 year = {1986}
}
