@article{mendez.mitrea:00:banach,
  author        = {Mendez, Osvaldo and Mitrea, Marius},
  doi           = {10.1007/BF02511543},
  fjournal      = {The Journal of Fourier Analysis and Applications},
  issn          = {1069-5869},
  journal       = {J. Fourier Anal. Appl.},
  mrclass       = {46E35 (35J55 42B20 42B35 46A16 47G10)},
  mrnumber      = {1781091},
  mrreviewer    = {Maria A. Ragusa},
  number        = {5},
  pages         = {503--531},
  title         = {The {B}anach envelopes of {B}esov and {T}riebel-{L}izorkin spaces and applications to partial differential equations},
  url           = {https://doi.org/10.1007/BF02511543},
  volume        = {6},
  year          = {2000}
}
