@article{meneguzzi.frisch.ea:81:helical,
  author        = {Meneguzzi, M. and Frisch, U. and Pouquet, A.},
  doi           = {10.1103/PhysRevLett.47.1060},
  issue         = {15},
  journal       = {Phys. Rev. Lett.},
  month         = {Oct},
  numpages      = {0},
  pages         = {1060--1064},
  publisher     = {American Physical Society},
  title         = {Helical and Nonhelical Turbulent Dynamos},
  url           = {https://link.aps.org/doi/10.1103/PhysRevLett.47.1060},
  volume        = {47},
  year          = {1981}
}
