@article{menoukeu-pamen.meyer-brandis.ea:13:variational,
 author = {Menoukeu-Pamen, Olivier and Meyer-Brandis, Thilo and
Nilssen, Torstein and Proske, Frank and Zhang, Tusheng},
 doi = {10.1007/s00208-013-0916-3},
 fjournal = {Mathematische Annalen},
 issn = {0025-5831},
 journal = {Math. Ann.},
 mrclass = {60H10 (60H07 60H40)},
 mrnumber = {3096525},
 mrreviewer = {Jan I. Seidler},
 number = {2},
 pages = {761--799},
 title = {A variational approach to the construction and {M}alliavin
differentiability of strong solutions of {SDE}'s},
 url = {https://doi.org/10.1007/s00208-013-0916-3},
 volume = {357},
 year = {2013}
}
