@article{merrick.parnell:11:comparative,
 author = {Merrick, Jason and Parnell, Gregory S},
 journal = {Risk Analysis: An International Journal},
 number = {9},
 pages = {1488--1510},
 publisher = {Wiley Online Library},
 title = {A comparative analysis of {PRA} and intelligent adversary
methods for counterterrorism risk management},
 volume = {31},
 year = {2011}
}
