@article{metzler.klafter:00:random*1,
 author = {Metzler, Ralf and Klafter, Joseph},
 doi = {10.1016/S0370-1573(00)00070-3},
 fjournal = {Physics Reports. A Review Section of Physics Letters},
 issn = {0370-1573},
 journal = {Phys. Rep.},
 mrclass = {82C31 (82C70)},
 mrnumber = {1809268},
 number = {1},
 pages = {77},
 title = {The random walk's guide to anomalous diffusion: a fractional dynamics approach},
 url = {https://doi.org/10.1016/S0370-1573(00)00070-3},
 volume = {339},
 year = {2000}
}
