@article{meyries.veraar:12:sharp,
  author        = {Meyries, Martin and Veraar, Mark},
  doi           = {10.4064/sm208-3-5},
  fjournal      = {Studia Mathematica},
  issn          = {0039-3223,1730-6337},
  journal       = {Studia Math.},
  mrclass       = {46E35},
  mrnumber      = {2911497},
  mrreviewer    = {Maria\ Transirico},
  number        = {3},
  pages         = {257--293},
  title         = {Sharp embedding results for spaces of smooth functions with power weights},
  url           = {https://doi.org/10.4064/sm208-3-5},
  volume        = {208},
  year          = {2012}
}
