@article{meyries.veraar:14:characterization,
  author        = {Meyries, Martin and Veraar, Mark},
  doi           = {10.1007/s00013-014-0706-5},
  fjournal      = {Archiv der Mathematik},
  issn          = {0003-889X,1420-8938},
  journal       = {Arch. Math. (Basel)},
  mrclass       = {46E35 (46E40)},
  mrnumber      = {3281291},
  mrreviewer    = {Dirk\ Werner},
  number        = {5},
  pages         = {435--449},
  title         = {Characterization of a class of embeddings for function spaces with {M}uckenhoupt weights},
  url           = {https://doi.org/10.1007/s00013-014-0706-5},
  volume        = {103},
  year          = {2014}
}
