@article{mierczynski.shen:04:lyapunov,
 author = {Mierczy\'{n}ski, Janusz and Shen, Wenxian},
 doi = {10.1007/s00028-004-0160-0},
 fjournal = {Journal of Evolution Equations},
 issn = {1424-3199,1424-3202},
 journal = {J. Evol. Equ.},
 mrclass = {37H15 (35B40 35R60 37L55)},
 mrnumber = {2120129},
 mrreviewer = {Bj\"{o}rn\ Schmalfuss},
 number = {3},
 pages = {371--390},
 title = {Lyapunov exponents and asymptotic dynamics in random {K}olmogorov models},
 url = {https://doi.org/10.1007/s00028-004-0160-0},
 volume = {4},
 year = {2004}
}
