@article{mierczynski.shen:03:exponential,
  author        = {Mierczy\'{n}ski, Janusz and Shen, Wenxian},
  doi           = {10.1016/S0022-0396(03)00016-0},
  fjournal      = {Journal of Differential Equations},
  issn          = {0022-0396,1090-2732},
  journal       = {J. Differential Equations},
  mrclass       = {35R60 (35K20 35P15 37H05 37L55)},
  mrnumber      = {1973287},
  mrreviewer    = {Krystyna\ Twardowska},
  number        = {1},
  pages         = {175--205},
  title         = {Exponential separation and principal {L}yapunov exponent/spectrum for random/nonautonomous parabolic equations},
  url           = {https://doi.org/10.1016/S0022-0396(03)00016-0},
  volume        = {191},
  year          = {2003}
}
