@article{mierczynski.shen:16:formulas,
 author = {Mierczy\'{n}ski, Janusz and Shen, Wenxian},
 doi = {10.3934/dcdss.2016048},
 fjournal = {Discrete and Continuous Dynamical Systems. Series S},
 issn = {1937-1632,1937-1179},
 journal = {Discrete Contin. Dyn. Syst. Ser. S},
 mrclass = {35R60 (35C15 35K20 37H15)},
 mrnumber = {3543652},
 number = {4},
 pages = {1189--1199},
 title = {Formulas for generalized principal {L}yapunov exponent for
parabolic {PDE}s},
 url = {https://doi.org/10.3934/dcdss.2016048},
 volume = {9},
 year = {2016}
}
