@article{mierczynski.shen:08:time,
  author        = {Mierczy\'{n}ski, Janusz and Shen, Wenxian},
  doi           = {10.3934/dcdsb.2008.9.661},
  fjournal      = {Discrete and Continuous Dynamical Systems. Series B. A Journal Bridging Mathematics and Sciences},
  issn          = {1531-3492,1553-524X},
  journal       = {Discrete Contin. Dyn. Syst. Ser. B},
  mrclass       = {35K20 (35R60 37H15 37L55)},
  mrnumber      = {2379432},
  number        = {3-4},
  pages         = {661--699},
  title         = {Time averaging for nonautonomous/random linear parabolic equations},
  url           = {https://doi.org/10.3934/dcdsb.2008.9.661},
  volume        = {9},
  year          = {2008}
}
