@article{mierczynski.shen:16:principal,
 author = {Mierczy\'{n}ski, Janusz and Shen, Wenxian},
 doi = {10.1007/s10884-015-9436-z},
 fjournal = {Journal of Dynamics and Differential Equations},
 issn = {1040-7294,1572-9222},
 journal = {J. Dynam. Differential Equations},
 mrclass = {37H15 (34D08 34K50 35K20 35R60 37L55)},
 mrnumber = {3537364},
 mrreviewer = {M.\ L.\ Blank},
 number = {3-4},
 pages = {1039--1079},
 title = {Principal {L}yapunov exponents and principal {F}loquet
spaces of positive random dynamical systems. {III}.
{P}arabolic equations and delay systems},
 url = {https://doi.org/10.1007/s10884-015-9436-z},
 volume = {28},
 year = {2016}
}
