@article{mierczynski.shen:13:principal,
 author = {Mierczy\'{n}ski, Janusz and Shen, Wenxian},
 doi = {10.1090/S0002-9947-2013-05814-X},
 fjournal = {Transactions of the American Mathematical Society},
 issn = {0002-9947,1088-6850},
 journal = {Trans. Amer. Math. Soc.},
 mrclass = {37H15 (37A30 37L55)},
 mrnumber = {3074376},
 mrreviewer = {Md.\ Shafiqul\ Islam},
 number = {10},
 pages = {5329--5365},
 title = {Principal {L}yapunov exponents and principal {F}loquet
spaces of positive random dynamical systems. {I}. {G}eneral
theory},
 url = {https://doi.org/10.1090/S0002-9947-2013-05814-X},
 volume = {365},
 year = {2013}
}
