@article{mierczynski.shen:13:principal*1,
 author = {Mierczy\'{n}ski, Janusz and Shen, Wenxian},
 doi = {10.1016/j.jmaa.2013.03.039},
 fjournal = {Journal of Mathematical Analysis and Applications},
 issn = {0022-247X,1096-0813},
 journal = {J. Math. Anal. Appl.},
 mrclass = {37Hxx},
 mrnumber = {3045185},
 number = {2},
 pages = {438--458},
 title = {Principal {L}yapunov exponents and principal {F}loquet spaces of positive random dynamical systems. {II}. {F}inite-dimensional systems},
 url = {https://doi.org/10.1016/j.jmaa.2013.03.039},
 volume = {404},
 year = {2013}
}
