@article{miettinen.myllys.ea:05:experimental,
 author = {Miettinen, L. and Myllys, M. and Merikoski, J. and Timonen, J.},
 day = {01},
 doi = {10.1140/epjb/e2005-00235-y},
 issn = {1434-6036},
 journal = {The European Physical Journal B - Condensed Matter and Complex Systems},
 month = {Jul},
 number = {1},
 pages = {55--60},
 title = {Experimental determination of KPZ height-fluctuation distributions},
 url = {https://doi.org/10.1140/epjb/e2005-00235-y},
 volume = {46},
 year = {2005}
}
