@article{mijena.nane:15:space-time,
 author = {Mijena, Jebessa B. and Nane, Erkan},
 doi = {10.1016/j.spa.2015.04.008},
 fjournal = {Stochastic Processes and their Applications},
 issn = {0304-4149},
 journal = {Stochastic Process. Appl.},
 mrclass = {60H15 (35R11 35R60)},
 mrnumber = {3357610},
 mrreviewer = {Jan I. Seidler},
 number = {9},
 pages = {3301--3326},
 title = {Space-time fractional stochastic partial differential
equations},
 url = {https://doi.org/10.1016/j.spa.2015.04.008},
 volume = {125},
 year = {2015}
}
