@article{mijena.nane:16:intermittence,
 author = {Mijena, Jebessa B. and Nane, Erkan},
 doi = {10.1007/s11118-015-9512-3},
 fjournal = {Potential Analysis. An International Journal Devoted to the Interactions between Potential Theory, Probability Theory, Geometry and Functional Analysis},
 issn = {0926-2601},
 journal = {Potential Anal.},
 mrclass = {60H15},
 mrnumber = {3460026},
 mrreviewer = {Raluca M. Balan},
 number = {2},
 pages = {295--312},
 title = {Intermittence and space-time fractional stochastic partial differential equations},
 url = {https://doi.org/10.1007/s11118-015-9512-3},
 volume = {44},
 year = {2016}
}
