@article{mikulevicius.rozovskii:01:note,
 author = {Mikulevicius, R. and Rozovskii, B.},
 doi = {10.1214/EJP.v6-85},
 fjournal = {Electronic Journal of Probability},
 issn = {1083-6489},
 journal = {Electron. J. Probab.},
 mrclass = {60H15 (35R60)},
 mrnumber = {1831807},
 mrreviewer = {Zdzis{\l}aw Brze\'{z}niak},
 pages = {no. 12, 35},
 title = {A note on {K}rylov's {$L_p$}-theory for systems of {SPDE}s},
 url = {https://doi.org/10.1214/EJP.v6-85},
 volume = {6},
 year = {2001}
}
