@article{miles:79:on,
  author        = {Miles, John W.},
  doi           = {10.1017/S0022112079000100},
  fjournal      = {Journal of Fluid Mechanics},
  issn          = {0022-1120},
  journal       = {J. Fluid Mech.},
  mrclass       = {76B25 (35Q20)},
  mrnumber      = {532306},
  number        = {1},
  pages         = {181--190},
  title         = {On the {K}orteweg-de\thinspace {V}ries equation for a gradually varying channel},
  url           = {https://doi.org/10.1017/S0022112079000100},
  volume        = {91},
  year          = {1979}
}
