@incollection{millet.sanz-sole:94:simple,
  author        = {Millet, Annie and Sanz-Sol\'{e}, Marta},
  booktitle     = {S\'{e}minaire de {P}robabilit\'{e}s, {XXVIII}},
  doi           = {10.1007/BFb0073832},
  mrclass       = {60J60},
  mrnumber      = {1329099},
  mrreviewer    = {S. Ramasubramanian},
  pages         = {36--48},
  publisher     = {Springer, Berlin},
  series        = {Lecture Notes in Math.},
  title         = {A simple proof of the support theorem for diffusion processes},
  url           = {https://doi.org/10.1007/BFb0073832},
  volume        = {1583},
  year          = {1994}
}
