@book{miller:71:nonlinear,
 author = {Miller, Richard K.},
 mrclass = {45-02},
 mrnumber = {0511193},
 pages = {ix+468},
 publisher = {W. A. Benjamin, Inc., Menlo Park, Calif.},
 series = {Mathematics Lecture Note Series},
 title = {Nonlinear {V}olterra integral equations},
 year = {1971}
}
