@incollection{millet.sanz-sole:08:approximation,
  author        = {Millet, Annie and Sanz-Sol\'{e}, Marta},
  booktitle     = {Seminar on {S}tochastic {A}nalysis, {R}andom {F}ields and {A}pplications {V}},
  doi           = {10.1007/978-3-7643-8458-6\_16},
  mrclass       = {60G15 (60H05 60H07)},
  mrnumber      = {2401962},
  mrreviewer    = {Laurent Decreusefond},
  pages         = {275--303},
  publisher     = {Birkh\"{a}user, Basel},
  series        = {Progr. Probab.},
  title         = {Approximation of rough paths of fractional {B}rownian motion},
  url           = {https://doi.org/10.1007/978-3-7643-8458-6\_16},
  volume        = {59},
  year          = {2008}
}
