@article{millet.nualart.ea:89:time,
  author        = {Millet, Annie and Nualart, David and Sanz, Marta},
  doi           = {10.1007/BF00339991},
  fjournal      = {Probability Theory and Related Fields},
  issn          = {0178-8051},
  journal       = {Probab. Theory Related Fields},
  mrclass       = {60J60 (60H10)},
  mrnumber      = {1001517},
  mrreviewer    = {M. Zakai},
  number        = {3},
  pages         = {315--347},
  title         = {Time reversal for infinite-dimensional diffusions},
  url           = {https://doi.org/10.1007/BF00339991},
  volume        = {82},
  year          = {1989}
}
