@article{miller.sheffield:16:imaginary,
 author = {Miller, Jason and Sheffield, Scott},
 doi = {10.1007/s00440-016-0698-0},
 fjournal = {Probability Theory and Related Fields},
 issn = {0178-8051},
 journal = {Probab. Theory Related Fields},
 mrclass = {60J67 (81T40)},
 mrnumber = {3477777},
 mrreviewer = {Ben Dyhr},
 number = {3-4},
 pages = {553--705},
 title = {Imaginary geometry {I}: interacting {SLE}s},
 url = {https://doi.org/10.1007/s00440-016-0698-0},
 volume = {164},
 year = {2016}
}
