@incollection{millet.nualart.ea:91:composition,
 author = {Millet, Annie and Nualart, David and Sanz, Marta},
 booktitle = {Stochastic analysis},
 mrclass = {60F10 (60H10)},
 mrnumber = {1119840},
 mrreviewer = {Paolo Baldi},
 pages = {383--395},
 publisher = {Academic Press, Boston, MA},
 title = {Composition of large deviation principles and
applications},
 year = {1991}
}
