@article{mimura:17:variational,
 author = {Mimura, Yoshifumi},
 doi = {10.1016/j.jde.2017.03.020},
 fjournal = {Journal of Differential Equations},
 issn = {0022-0396},
 journal = {J. Differential Equations},
 mrclass = {35K51 (35B33 35K59 35K65 47J30)},
 mrnumber = {3632226},
 number = {2},
 pages = {1477--1521},
 title = {The variational formulation of the fully parabolic {K}eller-{S}egel system with degenerate diffusion},
 url = {https://doi.org/10.1016/j.jde.2017.03.020},
 volume = {263},
 year = {2017}
}
