@article{min.xian.ea:88:global,
 author = {Min, Qian and Xian, Shen Wen and Jinyan, Zhang},
 doi = {10.1016/0022-0396(88)90030-7},
 fjournal = {Journal of Differential Equations},
 issn = {0022-0396,1090-2732},
 journal = {J. Differential Equations},
 mrclass = {58F14 (34C25 58F12 58F13 94C05)},
 mrnumber = {927005},
 mrreviewer = {Andrew\ C.\ Fowler},
 number = {2},
 pages = {315--333},
 title = {Global behavior in the dynamical equation of {J}-{J}
type},
 url = {https://doi.org/10.1016/0022-0396(88)90030-7},
 volume = {71},
 year = {1988}
}
