@article{minami:89:exponential,
  author        = {Minami, Nariyuki},
  doi           = {10.21099/tkbjm/1496161019},
  fjournal      = {Tsukuba Journal of Mathematics},
  issn          = {0387-4982},
  journal       = {Tsukuba J. Math.},
  mrclass       = {60H25 (82B44)},
  mrnumber      = {1003604},
  mrreviewer    = {Philippe Bougerol},
  number        = {1},
  pages         = {225--282},
  title         = {Exponential and super-exponential localizations for one-dimensional {S}chr\"{o}dinger operators with {L}\'{e}vy noise potentials},
  url           = {https://doi.org/10.21099/tkbjm/1496161019},
  volume        = {13},
  year          = {1989}
}
