@article{mishura.nualart:04:weak,
  author        = {Mishura, Yu. and Nualart, D.},
  doi           = {10.1016/j.spl.2004.10.011},
  fjournal      = {Statistics \& Probability Letters},
  issn          = {0167-7152},
  journal       = {Statist. Probab. Lett.},
  mrclass       = {60H10 (60G18)},
  mrnumber      = {2125162},
  mrreviewer    = {Anna Amirdjanova},
  number        = {4},
  pages         = {253--261},
  title         = {Weak solutions for stochastic differential equations with additive fractional noise},
  url           = {https://doi.org/10.1016/j.spl.2004.10.011},
  volume        = {70},
  year          = {2004}
}
