@article{misiats.stanzhytskyi.ea:22:on,
 author = {Misiats, Oleksandr and Stanzhytskyi, Oleksandr and
Topaloglu, Ihsan},
 doi = {10.1007/s00030-021-00735-2},
 fjournal = {NoDEA. Nonlinear Differential Equations and Applications},
 issn = {1021-9722},
 journal = {NoDEA Nonlinear Differential Equations Appl.},
 mrclass = {35B44 (35K55 60H30 65M75)},
 mrnumber = {4344836},
 number = {1},
 pages = {Paper No. 3, 29},
 title = {On global existence and blowup of solutions of stochastic
{K}eller-{S}egel type equation},
 url = {https://doi.org/10.1007/s00030-021-00735-2},
 volume = {29},
 year = {2022}
}
