@article{mitoma:85:infty-dimensional,
 author = {Mitoma, Itaru},
 doi = {10.1016/0022-1236(85)90027-8},
 fjournal = {Journal of Functional Analysis},
 issn = {0022-1236},
 journal = {J. Funct. Anal.},
 mrclass = {60H15 (46F10 60G20)},
 mrnumber = {820620},
 mrreviewer = {Ali S\"{u}leyman \"{U}st\"{u}nel},
 number = {3},
 pages = {342--359},
 title = {An {$infty$}-dimensional inhomogeneous {L}angevin's equation},
 url = {https://doi.org/10.1016/0022-1236(85)90027-8},
 volume = {61},
 year = {1985}
}
