@incollection{mitter.zeitouni:92:spde,
 author = {Mitter, S. K. and Zeitouni, O.},
 booktitle = {Stochastic partial differential equations and applications ({T}rento, 1990)},
 isbn = {0-582-10051-8},
 mrclass = {60G60 (49Q20 60H15 62M40)},
 mrnumber = {1222703},
 mrreviewer = {Mauro\ Piccioni},
 pages = {257--267},
 publisher = {Longman Sci. Tech., Harlow},
 series = {Pitman Res. Notes Math. Ser.},
 title = {An {SPDE} formulation for image segmentation},
 volume = {268},
 year = {1992}
}
