@article{miyazaki.morimoto.ea:09:online,
  author        = {Shuichi Miyazaki and Naoyuki Morimoto and Yasuo Okabe},
  journal       = {{IEICE} Transactions},
  number        = {9},
  pages         = {1620--1627},
  title         = {The Online Graph Exploration Problem on Restricted Graphs},
  volume        = {92-D},
  year          = {2009}
}
