@article{mizoguchi:16:type,
 author = {Mizoguchi, Noriko},
 doi = {10.1016/j.jfa.2016.09.016},
 fjournal = {Journal of Functional Analysis},
 issn = {0022-1236},
 journal = {J. Funct. Anal.},
 mrclass = {35K52 (35B44 35K59)},
 mrnumber = {3554708},
 number = {11},
 pages = {3323--3347},
 title = {Type {II} blowup in a doubly parabolic {K}eller-{S}egel
system in two dimensions},
 url = {https://doi.org/10.1016/j.jfa.2016.09.016},
 volume = {271},
 year = {2016}
}
