@article{mo:12:rank,
  author        = {Mo, M. Y.},
  doi           = {10.1002/cpa.21415},
  fjournal      = {Communications on Pure and Applied Mathematics},
  issn          = {0010-3640},
  journal       = {Comm. Pure Appl. Math.},
  mrclass       = {60B20 (15B52)},
  mrnumber      = {2969495},
  mrreviewer    = {Antonio Auffinger},
  number        = {11},
  pages         = {1528--1638},
  title         = {Rank 1 real {W}ishart spiked model},
  url           = {https://doi.org/10.1002/cpa.21415},
  volume        = {65},
  year          = {2012}
}
