@article{mogilner.edelstein-keshet.ea:03:mutual,
 author = {Mogilner, A. and Edelstein-Keshet, L. and Bent, L. and
Spiros, A.},
 doi = {10.1007/s00285-003-0209-7},
 fjournal = {Journal of Mathematical Biology},
 issn = {0303-6812},
 journal = {J. Math. Biol.},
 mrclass = {92D50 (37N25)},
 mrnumber = {2024502},
 number = {4},
 pages = {353--389},
 title = {Mutual interactions, potentials, and individual distance
in a social aggregation},
 url = {https://doi.org/10.1007/s00285-003-0209-7},
 volume = {47},
 year = {2003}
}
