@article{mogilner.edelstein-keshet:99:non-local,
 author = {Mogilner, Alexander and Edelstein-Keshet, Leah},
 doi = {10.1007/s002850050158},
 fjournal = {Journal of Mathematical Biology},
 issn = {0303-6812},
 journal = {J. Math. Biol.},
 mrclass = {92D50 (45K05)},
 mrnumber = {1698215},
 number = {6},
 pages = {534--570},
 title = {A non-local model for a swarm},
 url = {https://doi.org/10.1007/s002850050158},
 volume = {38},
 year = {1999}
}
