@article{mohammed.zhang:07:substitution,
  author        = {Mohammed, Salah-Eldin A. and Zhang, Tusheng},
  doi           = {10.1016/j.jfa.2007.03.033},
  fjournal      = {Journal of Functional Analysis},
  issn          = {0022-1236},
  journal       = {J. Funct. Anal.},
  mrclass       = {60H15 (35R60 60H07)},
  mrnumber      = {2362419},
  mrreviewer    = {Stefano Bonaccorsi},
  number        = {1},
  pages         = {122--157},
  title         = {The substitution theorem for semilinear stochastic partial differential equations},
  url           = {https://doi.org/10.1016/j.jfa.2007.03.033},
  volume        = {253},
  year          = {2007}
}
