@article{mohammed.zhang:13:anticipating,
 author = {Mohammed, Salah and Zhang, Tusheng},
 doi = {10.1016/j.jfa.2013.01.002},
 fjournal = {Journal of Functional Analysis},
 issn = {0022-1236},
 journal = {J. Funct. Anal.},
 mrclass = {60H15 (76D06)},
 mrnumber = {3017268},
 mrreviewer = {Azzouz Dermoune},
 number = {6},
 pages = {1380--1408},
 title = {Anticipating stochastic {$2D$} {N}avier-{S}tokes equations},
 url = {https://doi.org/10.1016/j.jfa.2013.01.002},
 volume = {264},
 year = {2013}
}
