@article{moinat.weber:20:space-time,
  author        = {Moinat, Augustin and Weber, Hendrik},
  doi           = {10.1002/cpa.21925},
  fjournal      = {Communications on Pure and Applied Mathematics},
  issn          = {0010-3640},
  journal       = {Comm. Pure Appl. Math.},
  mrclass       = {60H17 (35L71 35R60 60H50 60L30 81Q80)},
  mrnumber      = {4164267},
  number        = {12},
  pages         = {2519--2555},
  title         = {Space-time localisation for the dynamic {$\Phi^4_3$} model},
  url           = {https://doi.org/10.1002/cpa.21925},
  volume        = {73},
  year          = {2020}
}
