@book{monin.yaglom:07:statistical,
  author        = {Monin, A. S. and Yaglom, A. M.},
  isbn          = {978-0-486-45883-0; 0-486-45883-0},
  mrclass       = {76F55 (76F02 76F05 76M35)},
  mrnumber      = {2406667},
  note          = {Translated from the 1965 Russian original, Edited and with a preface by John L. Lumley, English edition updated, augmented and revised by the authors, Reprinted from the 1971 edition},
  pages         = {xii+769},
  publisher     = {Dover Publications, Inc., Mineola, NY},
  title         = {Statistical fluid mechanics: mechanics of turbulence. {V}ol. {I}},
  year          = {2007}
}
