@article{moret.nualart:02:onsager-machlup,
 author = {Moret, S\'{i}lvia and Nualart, David},
 doi = {10.1007/s004400200211},
 fjournal = {Probability Theory and Related Fields},
 issn = {0178-8051},
 journal = {Probab. Theory Related Fields},
 mrclass = {60H10 (60G15 60G44)},
 mrnumber = {1936018},
 mrreviewer = {Luis G. Gorostiza},
 number = {2},
 pages = {227--260},
 title = {Onsager-{M}achlup functional for the fractional {B}rownian
motion},
 url = {https://doi.org/10.1007/s004400200211},
 volume = {124},
 year = {2002}
}
