@article{moret.nualart:01:exponential,
 author = {Moret, S\'{i}lvia and Nualart, David},
 doi = {10.1016/S0167-7152(00)00245-5},
 fjournal = {Statistics \& Probability Letters},
 issn = {0167-7152},
 journal = {Statist. Probab. Lett.},
 mrclass = {60G44 (60E15 60G48)},
 mrnumber = {1857866},
 mrreviewer = {Pawel Hitczenko},
 number = {1},
 pages = {13--19},
 title = {Exponential inequalities for two-parameter martingales},
 url = {https://doi.org/10.1016/S0167-7152(00)00245-5},
 volume = {54},
 year = {2001}
}
