@phdthesis{morimoto:14:design-and-analysis-of-algorithms-for-graph-exploration-and-resource-allocation-problems-and-their-application-to-energy-management-kyoto-university,
 author = {Morimoto, Naoyuki},
 howpublished = {\url{http://hdl.handle.net/2433/189687}},
 publisher = {Kyoto University},
 title = {{Design and Analysis of Algorithms for Graph Exploration
and Resource Allocation Problems and Their Application to
Energy Management (Kyoto University)}},
 year = {2014}
}
