@article{morien:99:holder,
 author = {Morien, Pierre-Luc},
 doi = {10.2307/3318436},
 fjournal = {Bernoulli. Official Journal of the Bernoulli Society for
Mathematical Statistics and Probability},
 issn = {1350-7265},
 journal = {Bernoulli},
 mrclass = {35R60 (35B65 35K99 60H15)},
 mrnumber = {1681699},
 mrreviewer = {Stanis\l aw W\polhk edrychowicz},
 number = {2},
 pages = {275--298},
 title = {The {H}\"{o}lder and the {B}esov regularity of the density
for the solution of a parabolic stochastic partial
differential equation},
 url = {https://doi.org/10.2307/3318436},
 volume = {5},
 year = {1999}
}
