@book{morters.moser.ea:08:analysis,
  author        = {M\"{o}rters, Peter and Moser, Roger and Penrose, Mathew and Schwetlick, Hartmut and Zimmer, Johannes},
  doi           = {10.1093/acprof:oso/9780199239252.001.0001},
  isbn          = {978-0-19-923925-2},
  mrclass       = {82-06 (60-06)},
  mrnumber      = {2603216},
  pages         = {x+336},
  publisher     = {Oxford University Press, Oxford},
  title         = {Analysis and stochastics of growth processes and interface models},
  url           = {https://doi.org/10.1093/acprof:oso/9780199239252.001.0001},
  year          = {2008}
}
