@book{morters.peres:10:brownian,
  author        = {M\"{o}rters, Peter and Peres, Yuval},
  doi           = {10.1017/CBO9780511750489},
  isbn          = {978-0-521-76018-8},
  mrclass       = {60J65 (28A78 60H05 60J45 60J55 60J67)},
  mrnumber      = {2604525},
  mrreviewer    = {Ren\'{e} L. Schilling},
  note          = {With an appendix by Oded Schramm and Wendelin Werner},
  pages         = {xii+403},
  publisher     = {Cambridge University Press, Cambridge},
  series        = {Cambridge Series in Statistical and Probabilistic Mathematics},
  title         = {Brownian motion},
  url           = {https://doi.org/10.1017/CBO9780511750489},
  volume        = {30},
  year          = {2010}
}
