@article{morzfeld.tu.ea:12:random,
  author        = {Morzfeld, Matthias and Tu, Xuemin and Atkins, Ethan and Chorin, Alexandre J.},
  doi           = {10.1016/j.jcp.2011.11.022},
  fjournal      = {Journal of Computational Physics},
  issn          = {0021-9991,1090-2716},
  journal       = {J. Comput. Phys.},
  mrclass       = {62M20 (60J60 65C05)},
  mrnumber      = {2876600},
  number        = {4},
  pages         = {2049--2066},
  title         = {A random map implementation of implicit filters},
  url           = {https://doi.org/10.1016/j.jcp.2011.11.022},
  volume        = {231},
  year          = {2012}
}
