@article{moser.stelzer:13:functional,
  author        = {Moser, Martin and Stelzer, Robert},
  doi           = {10.1007/s10687-012-0165-y},
  fjournal      = {Extremes. Statistical Theory and Applications in Science, Engineering and Economics},
  issn          = {1386-1999},
  journal       = {Extremes},
  mrclass       = {60G51 (60G70)},
  mrnumber      = {3101877},
  mrreviewer    = {Jean-Luc Prigent},
  number        = {3},
  pages         = {351--382},
  title         = {Functional regular variation of {L}\'{e}vy-driven multivariate mixed moving average processes},
  url           = {https://doi.org/10.1007/s10687-012-0165-y},
  volume        = {16},
  year          = {2013}
}
