@article{mountford.nualart:04:level,
  author        = {Mountford, Thomas S. and Nualart, Eulalia},
  doi           = {10.1214/EJP.v9-169},
  fjournal      = {Electronic Journal of Probability},
  issn          = {1083-6489},
  journal       = {Electron. J. Probab.},
  mrclass       = {60G60 (60G15)},
  mrnumber      = {2080611},
  mrreviewer    = {Randall James Swift},
  pages         = {no. 20, 594--614},
  title         = {Level sets of multiparameter {B}rownian motions},
  url           = {https://doi.org/10.1214/EJP.v9-169},
  volume        = {9},
  year          = {2004}
}
