@article{mourrat.weber:17:global,
  author        = {Mourrat, Jean-Christophe and Weber, Hendrik},
  doi           = {10.1214/16-AOP1116},
  fjournal      = {The Annals of Probability},
  issn          = {0091-1798},
  journal       = {Ann. Probab.},
  mrclass       = {81T27 (35B30 35K58 35R60 60H15 81T40)},
  mrnumber      = {3693966},
  mrreviewer    = {Dimitri Petritis},
  number        = {4},
  pages         = {2398--2476},
  title         = {Global well-posedness of the dynamic {$\Phi^4$} model in the plane},
  url           = {https://doi.org/10.1214/16-AOP1116},
  volume        = {45},
  year          = {2017}
}
