@incollection{mourrat.weber.ea:17:construction,
 author = {Mourrat, Jean-Christophe and Weber, Hendrik and Xu, Weijun},
 booktitle = {From particle systems to partial differential equations},
 doi = {10.1007/978-3-319-66839-0\_1},
 mrclass = {35R60 (35K15 35K67 35K91 60H15 81T18)},
 mrnumber = {3746744},
 pages = {1--46},
 publisher = {Springer, Cham},
 series = {Springer Proc. Math. Stat.},
 title = {Construction of {$\Phi^4_3$} diagrams for pedestrians},
 url = {https://doi.org/10.1007/978-3-319-66839-0_1},
 volume = {209},
 year = {2017}
}
