@article{mueller.mytnik.ea:08:small,
  author        = {Mueller, C. and Mytnik, L. and Quastel, J.},
  fjournal      = {Markov Processes and Related Fields},
  issn          = {1024-2953},
  journal       = {Markov Process. Related Fields},
  mrclass       = {60H15 (35K55 35Q51 35R60)},
  mrnumber      = {2453698},
  number        = {3},
  pages         = {333--342},
  title         = {Small noise asymptotics of traveling waves},
  volume        = {14},
  year          = {2008}
}
