@article{mueller:83:strassens,
 author = {Mueller, Carl},
 doi = {10.1007/BF00534174},
 fjournal = {Zeitschrift f\"{u}r Wahrscheinlichkeitstheorie und
Verwandte Gebiete},
 issn = {0044-3719},
 journal = {Z. Wahrsch. Verw. Gebiete},
 mrclass = {60J65 (60E15)},
 mrnumber = {699783},
 mrreviewer = {F. B. Knight},
 number = {1},
 pages = {29--41},
 title = {Strassen's law for local time},
 url = {https://doi.org/10.1007/BF00534174},
 volume = {63},
 year = {1983}
}
