@incollection{mueller.tribe:94:stochastic,
 author = {Mueller, Carl and Tribe, Roger},
 booktitle = {Measure-valued processes, stochastic partial differential
equations, and interacting systems ({M}ontreal, {PQ},
1992)},
 doi = {10.1090/crmp/005/14},
 mrclass = {60H15 (35R60 60K35)},
 mrnumber = {1278292},
 pages = {175--178},
 publisher = {Amer. Math. Soc., Providence, RI},
 series = {CRM Proc. Lecture Notes},
 title = {A stochastic {PDE} arising as the limit of a long-range
contact process, and its phase transition},
 url = {https://doi.org/10.1090/crmp/005/14},
 volume = {5},
 year = {1994}
}
