@article{mueller:98:heat,
 author = {Mueller, Carl},
 doi = {10.1016/S0304-4149(97)00120-8},
 fjournal = {Stochastic Processes and their Applications},
 issn = {0304-4149},
 journal = {Stochastic Process. Appl.},
 mrclass = {60H15 (35K05 35R60)},
 mrnumber = {1624088},
 mrreviewer = {Ya. \={I}. B\={i}lopol{\cprime}s{\cprime}ka},
 number = {1},
 pages = {67--82},
 title = {The heat equation with {L}\'{e}vy noise},
 url = {https://doi.org/10.1016/S0304-4149(97)00120-8},
 volume = {74},
 year = {1998}
}
