@article{mueller:91:on,
 author = {Mueller, Carl},
 doi = {10.1080/17442509108833738},
 fjournal = {Stochastics and Stochastics Reports},
 issn = {1045-1129},
 journal = {Stochastics Stochastics Rep.},
 mrclass = {60H15 (35R60)},
 mrnumber = {1149348},
 mrreviewer = {A. Badrikian},
 number = {4},
 pages = {225--245},
 title = {On the support of solutions to the heat equation with
noise},
 url = {https://doi.org/10.1080/17442509108833738},
 volume = {37},
 year = {1991}
}
