@article{mueller.tribe:97:finite,
  author        = {Mueller, C. and Tribe, R.},
  doi           = {10.1214/EJP.v2-21},
  fjournal      = {Electronic Journal of Probability},
  issn          = {1083-6489},
  journal       = {Electron. J. Probab.},
  mrclass       = {60H15 (35R60)},
  mrnumber      = {1485116},
  mrreviewer    = {Richard B. Sowers},
  pages         = {no. 7, 27},
  title         = {Finite width for a random stationary interface},
  url           = {https://doi.org/10.1214/EJP.v2-21},
  volume        = {2},
  year          = {1997}
}
