@article{mueller:96:singular,
 author = {Mueller, Carl},
 doi = {10.1214/aop/1042644721},
 fjournal = {The Annals of Probability},
 issn = {0091-1798},
 journal = {Ann. Probab.},
 mrclass = {35K20 (35R60 60H15)},
 mrnumber = {1387640},
 mrreviewer = {Ya. \={I}. B\={i}lopol{\cprime}s{\cprime}ka},
 number = {1},
 pages = {377--398},
 title = {Singular initial conditions for the heat equation with a noise term},
 url = {https://doi.org/10.1214/aop/1042644721},
 volume = {24},
 year = {1996}
}
