@article{mueller.starr:13:length,
 author = {Mueller, Carl and Starr, Shannon},
 doi = {10.1007/s10959-011-0364-5},
 fjournal = {Journal of Theoretical Probability},
 issn = {0894-9840},
 journal = {J. Theoret. Probab.},
 mrclass = {60B15 (60B10 82B05)},
 mrnumber = {3055815},
 number = {2},
 pages = {514--540},
 title = {The length of the longest increasing subsequence of a random {M}allows permutation},
 url = {https://doi.org/10.1007/s10959-011-0364-5},
 volume = {26},
 year = {2013}
}
