@article{mueller.wu:09:connection,
 author = {Mueller, Carl and Wu, Zhixin},
 doi = {10.1214/ECP.v14-1403},
 fjournal = {Electronic Communications in Probability},
 journal = {Electron. Commun. Probab.},
 mrclass = {35R60 (60H15)},
 mrnumber = {2481666},
 pages = {55--65},
 title = {A connection between the stochastic heat equation and fractional {B}rownian motion, and a simple proof of a result of {T}alagrand},
 url = {https://doi.org/10.1214/ECP.v14-1403},
 volume = {14},
 year = {2009}
}
