@article{mueller.lee:09:on,
  author        = {Mueller, Carl and Lee, Kijung},
  doi           = {10.1090/S0002-9939-08-09748-7},
  fjournal      = {Proceedings of the American Mathematical Society},
  issn          = {0002-9939},
  journal       = {Proc. Amer. Math. Soc.},
  mrclass       = {60H15 (35K05 35R60)},
  mrnumber      = {2465673},
  mrreviewer    = {Krystyna Twardowska},
  number        = {4},
  pages         = {1467--1478},
  title         = {On the discrete heat equation taking values on a tree},
  url           = {https://doi.org/10.1090/S0002-9939-08-09748-7},
  volume        = {137},
  year          = {2009}
}
