@article{mueller.tribe:04:singular,
 author = {Mueller, Carl and Tribe, Roger},
 doi = {10.1214/EJP.v9-189},
 fjournal = {Electronic Journal of Probability},
 issn = {1083-6489},
 journal = {Electron. J. Probab.},
 mrclass = {60H15 (35R60 82B44)},
 mrnumber = {2041830},
 mrreviewer = {Pedro Mar\'{i}n Rubio},
 pages = {no. 5, 98--144},
 title = {A singular parabolic {A}nderson model},
 url = {https://doi.org/10.1214/EJP.v9-189},
 volume = {9},
 year = {2004}
}
