@incollection{mueller:15:stochastic,
 author = {Mueller, Carl},
 booktitle = {Stochastic analysis: a series of lectures},
 doi = {10.1007/978-3-0348-0909-2\_10},
 mrclass = {60H15 (35K05 35R60)},
 mrnumber = {3558129},
 pages = {271--295},
 publisher = {Birkh\"{a}user/Springer, Basel},
 series = {Progr. Probab.},
 title = {Stochastic {PDE} from the point of view of particle
systems and duality},
 url = {https://doi.org/10.1007/978-3-0348-0909-2_10},
 volume = {68},
 year = {2015}
}
