@article{mueller:98:long-time,
 author = {Mueller, Carl},
 doi = {10.1007/s004400050144},
 fjournal = {Probability Theory and Related Fields},
 issn = {0178-8051},
 journal = {Probab. Theory Related Fields},
 mrclass = {60H15 (35K55 35R60 60H20)},
 mrnumber = {1602036},
 mrreviewer = {Richard B. Sowers},
 number = {1},
 pages = {51--68},
 title = {Long-time existence for signed solutions of the heat equation with a noise term},
 url = {https://doi.org/10.1007/s004400050144},
 volume = {110},
 year = {1998}
}
