@article{mueller.sowers:93:blowup,
  author        = {Mueller, Carl and Sowers, Richard},
  doi           = {10.1007/BF01195068},
  fjournal      = {Probability Theory and Related Fields},
  issn          = {0178-8051},
  journal       = {Probab. Theory Related Fields},
  mrclass       = {60H15 (35K05 35R60)},
  mrnumber      = {1245247},
  mrreviewer    = {Krystyna Twardowska},
  number        = {3},
  pages         = {287--320},
  title         = {Blowup for the heat equation with a noise term},
  url           = {https://doi.org/10.1007/BF01195068},
  volume        = {97},
  year          = {1993}
}
