@incollection{mueller:82:exit,
  author        = {Mueller, Carl},
  booktitle     = {Martingale theory in harmonic analysis and {B}anach spaces ({C}leveland, {O}hio, 1981)},
  mrclass       = {60J60 (60G44 60H10)},
  mrnumber      = {668540},
  mrreviewer    = {Mou-Hsiung Chang},
  pages         = {98--105},
  publisher     = {Springer, Berlin-New York},
  series        = {Lecture Notes in Math.},
  title         = {Exit times of diffusions},
  volume        = {939},
  year          = {1982}
}
