@article{muhandiramge.boland.ea:09:convergent*1,
 author = {Muhandiramge, Ranga and Boland, Natashia and Wang, Song},
 journal = {SIAM Journal on Optimization},
 number = {1},
 pages = {54--77},
 publisher = {SIAM},
 title = {Convergent network approximation for the continuous
{Euclidean} length constrained minimum cost path problem},
 volume = {20},
 year = {2009}
}
