@article{muhandiramge.boland:09:simultaneous,
  author        = {Muhandiramge, Ranga and Boland, Natashia},
  journal       = {Networks: An International Journal},
  number        = {4},
  pages         = {358--381},
  publisher     = {Wiley Online Library},
  title         = {Simultaneous solution of {Lagrangean} dual problems interleaved with preprocessing for the weight constrained shortest path problem},
  volume        = {53},
  year          = {2009}
}
