@book{muirhead:82:aspects,
  author        = {Muirhead, Robb J.},
  isbn          = {0-471-09442-0},
  mrclass       = {62Hxx},
  mrnumber      = {652932},
  mrreviewer    = {Nariaki Sugiura},
  pages         = {xix+673},
  publisher     = {John Wiley \& Sons, Inc., New York},
  series        = {Wiley Series in Probability and Mathematical Statistics},
  title         = {Aspects of multivariate statistical theory},
  year          = {1982}
}
