@article{mukherjee.varadhan:16:brownian,
 author = {Mukherjee, Chiranjib and Varadhan, S. R. S.},
 doi = {10.1214/15-AOP1065},
 fjournal = {The Annals of Probability},
 issn = {0091-1798},
 journal = {Ann. Probab.},
 mrclass = {60J65 (60F10 60J55)},
 mrnumber = {3572328},
 mrreviewer = {Julien Poisat},
 number = {6},
 pages = {3934--3964},
 title = {Brownian occupation measures, compactness and large deviations},
 url = {https://doi.org/10.1214/15-AOP1065},
 volume = {44},
 year = {2016}
}
