@incollection{muller.sieber:11:quantum,
  author        = {M\"{u}ller, Sebastian and Sieber, Martin},
  booktitle     = {The {O}xford handbook of random matrix theory},
  mrclass       = {81Q50 (60B20)},
  mrnumber      = {2932653},
  mrreviewer    = {C\'{e}sar R. de Oliveira},
  pages         = {683--702},
  publisher     = {Oxford Univ. Press, Oxford},
  title         = {Quantum chaos and quantum graphs},
  year          = {2011}
}
