@article{muratov.vanden-eijnden.ea:05:self-induced,
 author = {Muratov, Cyrill B. and Vanden-Eijnden, Eric and E,
Weinan},
 doi = {10.1016/j.physd.2005.07.014},
 fjournal = {Physica D. Nonlinear Phenomena},
 issn = {0167-2789},
 journal = {Phys. D},
 mrclass = {34F05 (34E13 37C99 37H10)},
 mrnumber = {2170618},
 mrreviewer = {Barbara Gentz},
 number = {3-4},
 pages = {227--240},
 title = {Self-induced stochastic resonance in excitable systems},
 url = {https://doi.org/10.1016/j.physd.2005.07.014},
 volume = {210},
 year = {2005}
}
