@book{murray:93:mathematical,
  author        = {Murray, J. D.},
  doi           = {10.1007/b98869},
  edition       = {Second},
  isbn          = {3-540-57204-X},
  mrclass       = {92B05 (92-01 92C05 92D30)},
  mrnumber      = {1239892},
  mrreviewer    = {Gabriela Schranz-Kirlinger},
  pages         = {xiv+767},
  publisher     = {Springer-Verlag, Berlin},
  series        = {Biomathematics},
  title         = {Mathematical biology},
  url           = {https://doi.org/10.1007/b98869},
  volume        = {19},
  year          = {1993}
}
