@book{myerson:13:game,
  author        = {Myerson, Roger B},
  publisher     = {Harvard university press},
  title         = {Game Theory},
  year          = {2013}
}
