@article{myllys.maunuksela.ea:01:kinetic,
 author = {Myllys, M. and Maunuksela, J. and Alava, M. and
Ala-Nissila, T. and Merikoski, J. and Timonen, J.},
 doi = {10.1103/PhysRevE.64.036101},
 issue = {3},
 journal = {Phys. Rev. E},
 month = {Aug},
 numpages = {12},
 pages = {036101},
 publisher = {American Physical Society},
 title = {Kinetic roughening in slow combustion of paper},
 url = {https://link.aps.org/doi/10.1103/PhysRevE.64.036101},
 volume = {64},
 year = {2001}
}
