@article{mytnik.xiong:15:well-posedness,
 author = {Mytnik, Leonid and Xiong, Jie},
 fjournal = {Illinois Journal of Mathematics},
 issn = {0019-2082},
 journal = {Illinois J. Math.},
 mrclass = {60H15 (60J68)},
 mrnumber = {3499521},
 number = {2},
 pages = {485--497},
 title = {Well-posedness of the martingale problem for superprocess
with interaction},
 url = {http://projecteuclid.org/euclid.ijm/1462450710},
 volume = {59},
 year = {2015}
}
