@article{mytnik.shlomov:21:general,
  author        = {Mytnik, Leonid and Shlomov, Segev},
  doi           = {10.30757/alea.v18-02},
  fjournal      = {ALEA. Latin American Journal of Probability and Mathematical Statistics},
  journal       = {ALEA Lat. Am. J. Probab. Math. Stat.},
  mrclass       = {60K35 (82C22)},
  mrnumber      = {4198867},
  mrreviewer    = {Hui Huang},
  number        = {1},
  pages         = {17--33},
  title         = {General contact process with rapid stirring},
  url           = {https://doi.org/10.30757/alea.v18-02},
  volume        = {18},
  year          = {2021}
}
