@article{mytnik:98:collision,
 author = {Mytnik, Leonid},
 doi = {10.1023/A:1022606715641},
 fjournal = {Journal of Theoretical Probability},
 issn = {0894-9840},
 journal = {J. Theoret. Probab.},
 mrclass = {60J55 (60G30 60G57 60H15)},
 mrnumber = {1633395},
 mrreviewer = {Srikanth K. Iyer},
 number = {3},
 pages = {733--763},
 title = {Collision measure and collision local time for
{$(\alpha,d,\beta)$} superprocesses},
 url = {https://doi.org/10.1023/A:1022606715641},
 volume = {11},
 year = {1998}
}
