@article{mytnik.wachtel:15:multifractal,
  author        = {Mytnik, Leonid and Wachtel, Vitali},
  doi           = {10.1214/14-AOP951},
  fjournal      = {The Annals of Probability},
  issn          = {0091-1798},
  journal       = {Ann. Probab.},
  mrclass       = {60J80 (28A80 60G57)},
  mrnumber      = {3395474},
  mrreviewer    = {Achim Klenke},
  number        = {5},
  pages         = {2763--2809},
  title         = {Multifractal analysis of superprocesses with stable branching in dimension one},
  url           = {https://doi.org/10.1214/14-AOP951},
  volume        = {43},
  year          = {2015}
}
