@article{mytnik.xiang:04:tanaka,
 author = {Mytnik, L. and Xiang, K.-N.},
 doi = {10.1023/B:JOTP.0000020704.68569.25},
 fjournal = {Journal of Theoretical Probability},
 issn = {0894-9840},
 journal = {J. Theoret. Probab.},
 mrclass = {60J80 (60J55)},
 mrnumber = {2053713},
 mrreviewer = {Catherine Donati-Martin},
 number = {2},
 pages = {483--502},
 title = {Tanaka formulae for {$(\alpha,d,\beta)$}-superprocesses},
 url = {https://doi.org/10.1023/B:JOTP.0000020704.68569.25},
 volume = {17},
 year = {2004}
}
