@article{nadal.derrida.ea:82:directed,
 author = {Nadal, J. P. and Derrida, B. and Vannimenus, J.},
 doi = {10.1051/jphys:0198200430110156100},
 fjournal = {Le Journal de Physique},
 issn = {0302-0738},
 journal = {J. Physique},
 mrclass = {82A51 (05B35 82A67)},
 mrnumber = {684783},
 number = {11},
 pages = {1561--1574},
 title = {Directed lattice animals in {$2$}\ dimensions: numerical and exact results},
 url = {https://doi.org/10.1051/jphys:0198200430110156100},
 volume = {43},
 year = {1982}
}
