@article{nagai.senba.ea:97:application,
  author        = {Nagai, Toshitaka and Senba, Takasi and Yoshida, Kiyoshi},
  fjournal      = {Funkcialaj Ekvacioj. Serio Internacia},
  issn          = {0532-8721},
  journal       = {Funkcial. Ekvac.},
  mrclass       = {92D50 (35K55 35Q80 92C99)},
  mrnumber      = {1610709},
  mrreviewer    = {V. N. Razzhevaikin},
  number        = {3},
  pages         = {411--433},
  title         = {Application of the {T}rudinger-{M}oser inequality to a parabolic system of chemotaxis},
  url           = {http://www.math.kobe-u.ac.jp/~fe/xml/mr1610709.xml},
  volume        = {40},
  year          = {1997}
}
