@article{nagai.senba:98:global,
 author = {Nagai, Toshitaka and Senba, Takasi},
 fjournal = {Advances in Mathematical Sciences and Applications},
 issn = {1343-4373},
 journal = {Adv. Math. Sci. Appl.},
 mrclass = {35Q80 (35B05 35B60 35M10 92D50)},
 mrnumber = {1623326},
 mrreviewer = {Andreas M\"{u}ller-Rettkowski},
 number = {1},
 pages = {145--156},
 title = {Global existence and blow-up of radial solutions to a
parabolic-elliptic system of chemotaxis},
 volume = {8},
 year = {1998}
}
