@article{nagy.rzewuski:59:on,
  author        = {Nagy, K. L. and Rzewuski, J.},
  fjournal      = {Bull. Acad. Polon. Sci. S\'{e}r. Sci. Math. Astr. Phys.},
  journal       = {Bull. Acad. Polon. Sci. S\'{e}r. Sci. Math. Astr. Phys.},
  mrclass       = {81.00},
  mrnumber      = {104473},
  mrreviewer    = {C. Strachan},
  pages         = {93--96},
  title         = {On the equivalence of a certain class of non-local and higher order field theories},
  volume        = {7},
  year          = {1959}
}
