@article{nahmod.oh.ea:12:invariant,
 author = {Nahmod, Andrea R. and Oh, Tadahiro and Rey-Bellet, Luc and Staffilani, Gigliola},
 doi = {10.4171/JEMS/333},
 fjournal = {Journal of the European Mathematical Society (JEMS)},
 issn = {1435-9855},
 journal = {J. Eur. Math. Soc. (JEMS)},
 mrclass = {35Q55 (35B10 35B30)},
 mrnumber = {2928851},
 number = {4},
 pages = {1275--1330},
 title = {Invariant weighted {W}iener measures and almost sure global well-posedness for the periodic derivative {NLS}},
 url = {https://doi.org/10.4171/JEMS/333},
 volume = {14},
 year = {2012}
}
