@article{nakamura:79:backlund,
 author = {Nakamura, Akira},
 doi = {10.1143/JPSJ.47.1335},
 fjournal = {Journal of the Physical Society of Japan},
 issn = {0031-9015},
 journal = {J. Phys. Soc. Japan},
 mrclass = {35Q20 (35A30 58F07)},
 mrnumber = {550203},
 mrreviewer = {A. Degasperis},
 number = {4},
 pages = {1335--1340},
 title = {B\"{a}cklund transform and conservation laws of the
{B}enjamin-{O}no equation},
 url = {https://doi.org/10.1143/JPSJ.47.1335},
 volume = {47},
 year = {1979}
}
