@article{nakayama:04:liouville,
 author = {Nakayama, Yu},
 doi = {10.1142/S0217751X04019500},
 fjournal = {International Journal of Modern Physics A. Particles and Fields. Gravitation. Cosmology},
 issn = {0217-751X},
 journal = {Internat. J. Modern Phys. A},
 mrclass = {81T40 (81-02 81T30)},
 mrnumber = {2073993},
 mrreviewer = {Marcel L. Vonk},
 number = {17-18},
 pages = {2771--2930},
 title = {Liouville field theory: a decade after the revolution},
 url = {https://doi.org/10.1142/S0217751X04019500},
 volume = {19},
 year = {2004}
}
