@article{nane:08:isoperimetric-type,
 author = {Nane, Erkan},
 doi = {10.1016/j.spl.2007.05.007},
 fjournal = {Statistics \& Probability Letters},
 issn = {0167-7152},
 journal = {Statist. Probab. Lett.},
 mrclass = {60J65 (60E15)},
 mrnumber = {2381278},
 mrreviewer = {Endre Cs\'{a}ki},
 number = {1},
 pages = {90--95},
 title = {Isoperimetric-type inequalities for iterated {B}rownian motion in {$\mathbb{R}^n$}},
 url = {https://doi.org/10.1016/j.spl.2007.05.007},
 volume = {78},
 year = {2008}
}
