@article{nane:06:laws,
 author = {Nane, Erkan},
 doi = {10.1214/EJP.v11-327},
 fjournal = {Electronic Journal of Probability},
 issn = {1083-6489},
 journal = {Electron. J. Probab.},
 mrclass = {60J65 (60K99)},
 mrnumber = {2223043},
 mrreviewer = {Endre Cs\'{a}ki},
 pages = {no. 18, 434--459},
 title = {Laws of the iterated logarithm for {$\alpha$}-time
{B}rownian motion},
 url = {https://doi.org/10.1214/EJP.v11-327},
 volume = {11},
 year = {2006}
}
