@incollection{nane:12:fractional,
  author        = {Nane, Erkan},
  booktitle     = {Fractional dynamics and control},
  doi           = {10.1007/978-1-4614-0457-6\_15},
  mrclass       = {35R11 (26A33 35-02 35K20 35R60)},
  mrnumber      = {2905876},
  pages         = {185--198},
  publisher     = {Springer, New York},
  title         = {Fractional {C}auchy problems on bounded domains: survey of recent results},
  url           = {https://doi.org/10.1007/978-1-4614-0457-6_15},
  year          = {2012}
}
