@article{nane:07:lifetime,
  author        = {Nane, Erkan},
  doi           = {10.1051/ps:2007012},
  fjournal      = {ESAIM. Probability and Statistics},
  issn          = {1292-8100},
  journal       = {ESAIM Probab. Stat.},
  mrclass       = {60J65 (60K99)},
  mrnumber      = {2299652},
  mrreviewer    = {Endre Cs\'{a}ki},
  pages         = {147--160},
  title         = {Lifetime asymptotics of iterated {B}rownian motion in {$\mathbb{R}^n$}},
  url           = {https://doi.org/10.1051/ps:2007012},
  volume        = {11},
  year          = {2007}
}
