@article{nane:06:iterated*2,
 author = {Nane, Erkan},
 doi = {10.1007/s11118-005-2611-9},
 fjournal = {Potential Analysis. An International Journal Devoted to the Interactions between Potential Theory, Probability Theory, Geometry and Functional Analysis},
 issn = {0926-2601},
 journal = {Potential Anal.},
 mrclass = {60J65},
 mrnumber = {2217416},
 mrreviewer = {Endre Cs\'{a}ki},
 number = {2},
 pages = {105--123},
 title = {Iterated {B}rownian motion in parabola-shaped domains},
 url = {https://doi.org/10.1007/s11118-005-2611-9},
 volume = {24},
 year = {2006}
}
