@book{nane:06:iterated,
  author        = {Nane, Erkan},
  isbn          = {978-0542-86606-7},
  mrclass       = {Thesis},
  mrnumber      = {2709290},
  note          = {Thesis (Ph.D.)--Purdue University},
  pages         = {47},
  publisher     = {ProQuest LLC, Ann Arbor, MI},
  title         = {Iterated {B}rownian motion: {L}ifetime asymptotics and isoperimetric-type inequalities},
  url           = {http://gateway.proquest.com/openurl?url_ver=Z39.88-2004&rft_val_fmt=info:ofi/fmt:kev:mtx:dissertation&res_dat=xri:pqdiss&rft_dat=xri:pqdiss:3232219},
  year          = {2006}
}
