@article{nane.ni:17:stability,
  author        = {Nane, Erkan and Ni, Yinan},
  doi           = {10.1090/proc/13447},
  fjournal      = {Proceedings of the American Mathematical Society},
  issn          = {0002-9939},
  journal       = {Proc. Amer. Math. Soc.},
  mrclass       = {65C30 (34D20 60H10 93E15)},
  mrnumber      = {3637955},
  mrreviewer    = {Nikolaos Halidias},
  number        = {7},
  pages         = {3085--3104},
  title         = {Stability of the solution of stochastic differential equation driven by time-changed {L}\'{e}vy noise},
  url           = {https://doi.org/10.1090/proc/13447},
  volume        = {145},
  year          = {2017}
}
