@incollection{narayanan.palmer.ea:92:some,
 author = {Narayanan, Rajamani S. and Palmer, John and Tracy, Craig A.},
 booktitle = {Painlev\'{e} transcendents ({S}ainte-{A}d\`ele, {PQ}, 1990)},
 mrclass = {81T10 (58G26 81T40)},
 mrnumber = {1243704},
 mrreviewer = {Alan L. Carey},
 pages = {407--423},
 publisher = {Plenum, New York},
 series = {NATO Adv. Sci. Inst. Ser. B: Phys.},
 title = {Some isomonodromy problems in hyperbolic space},
 volume = {278},
 year = {1992}
}
