@book{national-research-council:08:department,
  author        = {{National Research Council}},
  publisher     = {National Academies Press},
  title         = {Department of Homeland Security bioterrorism risk assessment: A call for change},
  year          = {2008}
}
