@book{needham:97:visual,
  author        = {Needham, Tristan},
  isbn          = {0-19-853447-7},
  mrclass       = {30-01},
  mrnumber      = {1446490},
  mrreviewer    = {D. H. Armitage},
  pages         = {xxiv+592},
  publisher     = {The Clarendon Press, Oxford University Press, New York},
  title         = {Visual complex analysis},
  year          = {1997}
}
