@incollection{neerven.veraar.ea:15:stochastic,
  author        = {van Neerven, Jan and Veraar, Mark and Weis, Lutz},
  booktitle     = {Stochastic analysis: a series of lectures},
  doi           = {10.1007/978-3-0348-0909-2\_11},
  isbn          = {978-3-0348-0909-2; 978-3-0348-0908-5},
  mrclass       = {60H05 (46B09 60B11 60H07 60H15)},
  mrnumber      = {3558130},
  pages         = {297--332},
  publisher     = {Birkh\"auser/Springer, Basel},
  series        = {Progr. Probab.},
  title         = {Stochastic integration in {B}anach spaces---a survey},
  url           = {https://doi.org/10.1007/978-3-0348-0909-2_11},
  volume        = {68},
  year          = {2015}
}
