@article{neerven.veraar.ea:12:stochastic,
  author        = {van Neerven, Jan and Veraar, Mark and Weis, Lutz},
  doi           = {10.1214/10-AOP626},
  fjournal      = {The Annals of Probability},
  issn          = {0091-1798,2168-894X},
  journal       = {Ann. Probab.},
  mrclass       = {60H15 (35B65 42B25 47A60 47D06)},
  mrnumber      = {2952092},
  mrreviewer    = {Feng-Yu\ Wang},
  number        = {2},
  pages         = {788--812},
  title         = {Stochastic maximal {$L^p$}-regularity},
  url           = {https://doi.org/10.1214/10-AOP626},
  volume        = {40},
  year          = {2012}
}
