@article{neerven.veraar.ea:15:on,
  author        = {van Neerven, Jan and Veraar, Mark and Weis, Lutz},
  doi           = {10.1007/s11117-014-0302-8},
  fjournal      = {Positivity. An International Mathematics Journal Devoted to Theory and Applications of Positivity},
  issn          = {1385-1292,1572-9281},
  journal       = {Positivity},
  mrclass       = {60H15 (42B25 46B09 46E30 60H05)},
  mrnumber      = {3357999},
  number        = {2},
  pages         = {355--384},
  title         = {On the {$R$}-boundedness of stochastic convolution operators},
  url           = {https://doi.org/10.1007/s11117-014-0302-8},
  volume        = {19},
  year          = {2015}
}
