@article{neerven.veraar.ea:12:maximal,
  author        = {van Neerven, Jan and Veraar, Mark and Weis, Lutz},
  doi           = {10.1137/110832525},
  fjournal      = {SIAM Journal on Mathematical Analysis},
  issn          = {0036-1410,1095-7154},
  journal       = {SIAM J. Math. Anal.},
  mrclass       = {60H15 (35R60 46B09 47D06)},
  mrnumber      = {2982717},
  mrreviewer    = {Elisa\ Al\`os},
  number        = {3},
  pages         = {1372--1414},
  title         = {Maximal {$L^p$}-regularity for stochastic evolution equations},
  url           = {https://doi.org/10.1137/110832525},
  volume        = {44},
  year          = {2012}
}
