@article{negreanu.tello:19:global,
 author = {Negreanu, M. and Tello, J. I.},
 doi = {10.1016/j.jmaa.2019.02.007},
 fjournal = {Journal of Mathematical Analysis and Applications},
 issn = {0022-247X},
 journal = {J. Math. Anal. Appl.},
 mrclass = {92D25 (35B65 35K57 35M33 35Q92)},
 mrnumber = {3926158},
 number = {2},
 pages = {1116--1131},
 title = {Global existence and asymptotic behavior of solutions to a
predator-prey chemotaxis system with two chemicals},
 url = {https://doi.org/10.1016/j.jmaa.2019.02.007},
 volume = {474},
 year = {2019}
}
