@inproceedings{nelson:66:quartic,
  author        = {Nelson, Edward},
  booktitle     = {Mathematical {T}heory of {E}lementary {P}articles ({P}roc. {C}onf., {D}edham, {M}ass., 1965)},
  mrclass       = {81.47},
  mrnumber      = {210416},
  mrreviewer    = {G. Heber},
  pages         = {69--73},
  publisher     = {MIT Press, Cambridge, Mass.-London},
  title         = {A quartic interaction in two dimensions},
  year          = {1966}
}
