@article{neuenkirch.tindel.ea:10:discretizing,
  author        = {Neuenkirch, A. and Tindel, S. and Unterberger, J.},
  doi           = {10.1016/j.spa.2009.10.007},
  fjournal      = {Stochastic Processes and their Applications},
  issn          = {0304-4149},
  journal       = {Stochastic Process. Appl.},
  mrclass       = {60H35 (60G22 60H07)},
  mrnumber      = {2576888},
  mrreviewer    = {Laurent Decreusefond},
  number        = {2},
  pages         = {223--254},
  title         = {Discretizing the fractional {L}\'{e}vy area},
  url           = {https://doi.org/10.1016/j.spa.2009.10.007},
  volume        = {120},
  year          = {2010}
}
