@article{newman:83:general,
  author        = {Newman, Charles M.},
  fjournal      = {Communications in Mathematical Physics},
  issn          = {0010-3616},
  journal       = {Comm. Math. Phys.},
  mrclass       = {82A05 (82A68)},
  mrnumber      = {719811},
  mrreviewer    = {C. A. Hurst},
  number        = {1},
  pages         = {75--80},
  title         = {A general central limit theorem for {FKG} systems},
  url           = {http://projecteuclid.org/euclid.cmp/1103940474},
  volume        = {91},
  year          = {1983}
}
