@article{nguetseng:89:general,
 author = {Nguetseng, Gabriel},
 doi = {10.1137/0520043},
 fjournal = {SIAM Journal on Mathematical Analysis},
 issn = {0036-1410},
 journal = {SIAM J. Math. Anal.},
 mrclass = {35B25 (35B40 49A50 73C40)},
 mrnumber = {990867},
 mrreviewer = {Luciano Modica},
 number = {3},
 pages = {608--623},
 title = {A general convergence result for a functional related to the theory of homogenization},
 url = {https://doi.org/10.1137/0520043},
 volume = {20},
 year = {1989}
}
