@article{nguyen.rosenzweig.ea:22:mean-field,
 author = {Nguyen, Quoc-Hung and Rosenzweig, Matthew and Serfaty,
Sylvia},
 fjournal = {Ars Inveniendi Analytica},
 journal = {Ars Inven. Anal.},
 mrclass = {70F10 (35Q70 82C22)},
 mrnumber = {4462479},
 mrreviewer = {Rutwig Campoamor-Stursberg},
 pages = {Paper No. 4, 45},
 title = {Mean-field limits of {R}iesz-type singular flows},
 year = {2022}
}
