@article{ni.ea:15:ollivier-ricci,
 author = {Ni, Yau Chuen and others},
 journal = {Journal of Graph Theory},
 number = {3},
 pages = {149--168},
 publisher = {Wiley Online Library},
 title = {Ollivier-Ricci curvature, local clustering and
curvature-dimension inequalities on graphs},
 volume = {78},
 year = {2015}
}
