@article{ni.takagi:91:on,
 author = {Ni, Wei-Ming and Takagi, Izumi},
 doi = {10.1002/cpa.3160440705},
 fjournal = {Communications on Pure and Applied Mathematics},
 issn = {0010-3640},
 journal = {Comm. Pure Appl. Math.},
 mrclass = {35J65 (35B05)},
 mrnumber = {1115095},
 mrreviewer = {C. A. Swanson},
 number = {7},
 pages = {819--851},
 title = {On the shape of least-energy solutions to a semilinear
{N}eumann problem},
 url = {https://doi.org/10.1002/cpa.3160440705},
 volume = {44},
 year = {1991}
}
