@article{nica.quastel.ea:20:solution,
  author        = {Nica, Mihai and Quastel, Jeremy and Remenik, Daniel},
  doi           = {10.1214/20-AOP1425},
  fjournal      = {The Annals of Probability},
  issn          = {0091-1798},
  journal       = {Ann. Probab.},
  mrclass       = {60K35 (82B23 82C22)},
  mrnumber      = {4152645},
  number        = {5},
  pages         = {2344--2358},
  title         = {Solution of the {K}olmogorov equation for {TASEP}},
  url           = {https://doi.org/10.1214/20-AOP1425},
  volume        = {48},
  year          = {2020}
}
