@article{nikitin.orsingher:00:on,
 author = {Nikitin, Y. and Orsingher, E.},
 doi = {10.1023/A:1007861923910},
 fjournal = {Journal of Theoretical Probability},
 issn = {0894-9840},
 journal = {J. Theoret. Probab.},
 mrclass = {60J65 (35A22 35K05 35K25 60H99)},
 mrnumber = {1820499},
 mrreviewer = {Ross Pinsky},
 number = {4},
 pages = {997--1012},
 title = {On sojourn distributions of processes related to some higher-order heat-type equations},
 url = {https://doi.org/10.1023/A:1007861923910},
 volume = {13},
 year = {2000}
}
