@inproceedings{nikolova.brand.ea:06:optimal,
  author        = {Nikolova, Evdokia and Brand, Matthew and Karger, David R},
  booktitle     = {Icaps},
  pages         = {131--141},
  title         = {Optimal Route Planning under Uncertainty.},
  volume        = {6},
  year          = {2006}
}
