@article{nirenberg:66:extended,
  author        = {Nirenberg, L.},
  fjournal      = {Annali della Scuola Normale Superiore di Pisa. Classe di Scienze. Serie III},
  issn          = {0391-173X},
  journal       = {Ann. Scuola Norm. Sup. Pisa Cl. Sci. (3)},
  mrclass       = {46.38},
  mrnumber      = {208360},
  mrreviewer    = {Richard Beals},
  pages         = {733--737},
  title         = {An extended interpolation inequality},
  volume        = {20},
  year          = {1966}
}
