@article{noble:97:evolution,
 author = {Noble, J. M.},
 doi = {10.1016/0362-546X(95)00037-V},
 fjournal = {Nonlinear Analysis. Theory, Methods \& Applications. An International Multidisciplinary Journal},
 issn = {0362-546X},
 journal = {Nonlinear Anal.},
 mrclass = {60H15},
 mrnumber = {1416036},
 mrreviewer = {Nataliya Y. Goncharuk},
 number = {1},
 pages = {103--135},
 title = {Evolution equation with {G}aussian potential},
 url = {https://doi.org/10.1016/0362-546X(95)00037-V},
 volume = {28},
 year = {1997}
}
