@article{nolan.pollard:87:u-processes,
 author = {Nolan, Deborah and Pollard, David},
 doi = {10.1214/aos/1176350374},
 fjournal = {The Annals of Statistics},
 issn = {0090-5364},
 journal = {Ann. Statist.},
 mrclass = {60F15 (62G05)},
 mrnumber = {888439},
 mrreviewer = {S\'{a}ndor Cs\"{o}rg\H{o}},
 number = {2},
 pages = {780--799},
 title = {{$U$}-processes: rates of convergence},
 url = {https://doi.org/10.1214/aos/1176350374},
 volume = {15},
 year = {1987}
}
