@article{nolen.roquejoffre.ea:19:refined,
 author = {Nolen, James and Roquejoffre, Jean-Michel and Ryzhik,
Lenya},
 doi = {10.1142/S0219199718500724},
 fjournal = {Communications in Contemporary Mathematics},
 issn = {0219-1997},
 journal = {Commun. Contemp. Math.},
 mrclass = {35K57 (35A18 35B40 35C07 35K91)},
 mrnumber = {4017787},
 mrreviewer = {Hermenegildo Borges de Oliveira},
 number = {7},
 pages = {1850072, 25},
 title = {Refined long-time asymptotics for {F}isher-{KPP} fronts},
 url = {https://doi.org/10.1142/S0219199718500724},
 volume = {21},
 year = {2019}
}
