@article{nolen.rudd.ea:05:existence,
 author = {Nolen, James and Rudd, Matthew and Xin, Jack},
 doi = {10.4310/DPDE.2005.v2.n1.a1},
 fjournal = {Dynamics of Partial Differential Equations},
 issn = {1548-159X},
 journal = {Dyn. Partial Differ. Equ.},
 mrclass = {35K55 (35B10 37L99)},
 mrnumber = {2142338},
 mrreviewer = {Varga Kalantarov},
 number = {1},
 pages = {1--24},
 title = {Existence of {KPP} fronts in spatially-temporally periodic advection and variational principle for propagation speeds},
 url = {https://doi.org/10.4310/DPDE.2005.v2.n1.a1},
 volume = {2},
 year = {2005}
}
