@article{normand.zambotti:11:uniqueness,
 author = {Normand, Raoul and Zambotti, Lorenzo},
 doi = {10.1016/j.anihpc.2010.10.005},
 fjournal = {Annales de l'Institut Henri Poincar\'{e} C. Analyse Non
Lin\'{e}aire},
 issn = {0294-1449,1873-1430},
 journal = {Ann. Inst. H. Poincar\'{e} C Anal. Non Lin\'{e}aire},
 mrclass = {82D60 (45K05 60J80)},
 mrnumber = {2784069},
 mrreviewer = {Philippe\ Lauren\c{c}ot},
 number = {2},
 pages = {189--215},
 title = {Uniqueness of post-gelation solutions of a class of
coagulation equations},
 url = {https://doi.org/10.1016/j.anihpc.2010.10.005},
 volume = {28},
 year = {2011}
}
