@incollection{noumi.yamada:04:tropical,
 author = {Noumi, Masatoshi and Yamada, Yasuhiko},
 booktitle = {Representation theory of algebraic groups and quantum
groups},
 doi = {10.2969/aspm/04010371},
 mrclass = {05E10 (20F55)},
 mrnumber = {2074600},
 pages = {371--442},
 publisher = {Math. Soc. Japan, Tokyo},
 series = {Adv. Stud. Pure Math.},
 title = {Tropical {R}obinson-{S}chensted-{K}nuth correspondence and
birational {W}eyl group actions},
 url = {https://doi.org/10.2969/aspm/04010371},
 volume = {40},
 year = {2004}
}
