@article{nourdin.poly:13:convergence,
  author        = {Nourdin, Ivan and Poly, Guillaume},
  doi           = {10.1016/j.spa.2012.10.004},
  fjournal      = {Stochastic Processes and their Applications},
  issn          = {0304-4149},
  journal       = {Stochastic Process. Appl.},
  mrclass       = {60F05 (60G15 60H05 60H07)},
  mrnumber      = {3003367},
  number        = {2},
  pages         = {651--674},
  title         = {Convergence in total variation on {W}iener chaos},
  url           = {https://doi.org/10.1016/j.spa.2012.10.004},
  volume        = {123},
  year          = {2013}
}
