@article{nourdin.peccati:09:noncentral,
 author = {Nourdin, Ivan and Peccati, Giovanni},
 doi = {10.1214/08-AOP435},
 fjournal = {The Annals of Probability},
 issn = {0091-1798},
 journal = {Ann. Probab.},
 mrclass = {60F05 (60G15 60H05 60H07)},
 mrnumber = {2546749},
 mrreviewer = {Mark Podolskij},
 number = {4},
 pages = {1412--1426},
 title = {Noncentral convergence of multiple integrals},
 url = {https://doi.org/10.1214/08-AOP435},
 volume = {37},
 year = {2009}
}
