@article{nourdin.nualart.ea:16:strong,
  author        = {Nourdin, Ivan and Nualart, David and Peccati, Giovanni},
  doi           = {10.1090/proc12769},
  fjournal      = {Proceedings of the American Mathematical Society},
  issn          = {0002-9939},
  journal       = {Proc. Amer. Math. Soc.},
  mrclass       = {60F05 (60G15 60H07)},
  mrnumber      = {3430861},
  mrreviewer    = {Ciprian A. Tudor},
  number        = {2},
  pages         = {875--886},
  title         = {Strong asymptotic independence on {W}iener chaos},
  url           = {https://doi.org/10.1090/proc12769},
  volume        = {144},
  year          = {2016}
}
