@article{nourdin.zeineddine:14:ito-type,
 author = {Nourdin, Ivan and Zeineddine, Raghid},
 doi = {10.1214/EJP.v19-3184},
 fjournal = {Electronic Journal of Probability},
 journal = {Electron. J. Probab.},
 mrclass = {60G22 (60F05 60G15 60H05 60H07)},
 mrnumber = {3305825},
 mrreviewer = {Peter Parczewski},
 pages = {No. 99, 15},
 title = {An {I}t\^{o}-type formula for the fractional {B}rownian motion in {B}rownian time},
 url = {https://doi.org/10.1214/EJP.v19-3184},
 volume = {19},
 year = {2014}
}
