@article{nourdin.tran:19:statistical,
 author = {Nourdin, Ivan and Tran, T. T. Diu},
 doi = {10.1016/j.spa.2018.10.005},
 fjournal = {Stochastic Processes and their Applications},
 issn = {0304-4149},
 journal = {Stochastic Process. Appl.},
 mrclass = {60G18 (60H10 62F10 62F12)},
 mrnumber = {3997661},
 mrreviewer = {Georgiy M. Shevchenko},
 number = {10},
 pages = {3774--3791},
 title = {Statistical inference for {V}asicek-type model driven by
{H}ermite processes},
 url = {https://doi.org/10.1016/j.spa.2018.10.005},
 volume = {129},
 year = {2019}
}
