@article{nourdin.peccati:09:steins,
 author = {Nourdin, Ivan and Peccati, Giovanni},
 doi = {10.1214/09-AOP461},
 fjournal = {The Annals of Probability},
 issn = {0091-1798},
 journal = {Ann. Probab.},
 mrclass = {60F05 (60G15 60G60 60H05 60H07)},
 mrnumber = {2573557},
 mrreviewer = {Jean-Pierre Fouque},
 number = {6},
 pages = {2231--2261},
 title = {Stein's method and exact {B}erry-{E}sseen asymptotics for functionals of {G}aussian fields},
 url = {https://doi.org/10.1214/09-AOP461},
 volume = {37},
 year = {2009}
}
