@article{nourdin.taqqu:14:central,
 author = {Nourdin, Ivan and Taqqu, Murad S.},
 doi = {10.1007/s10959-012-0443-2},
 fjournal = {Journal of Theoretical Probability},
 issn = {0894-9840},
 journal = {J. Theoret. Probab.},
 mrclass = {46L54 (60F05 60G18 60H05)},
 mrnumber = {3174224},
 mrreviewer = {S\"{o}ren M\"{o}ller},
 number = {1},
 pages = {220--248},
 title = {Central and non-central limit theorems in a free probability setting},
 url = {https://doi.org/10.1007/s10959-012-0443-2},
 volume = {27},
 year = {2014}
}
