@article{nourdin.simon:07:correcting,
 author = {Nourdin, Ivan and Simon, Thomas},
 doi = {10.3150/07-BEJ6015},
 fjournal = {Bernoulli. Official Journal of the Bernoulli Society for
Mathematical Statistics and Probability},
 issn = {1350-7265},
 journal = {Bernoulli},
 mrclass = {60H05 (65D30)},
 mrnumber = {2348747},
 number = {3},
 pages = {695--711},
 title = {Correcting {N}ewton-{C}\^{o}tes integrals by {L}\'{e}vy
areas},
 url = {https://doi.org/10.3150/07-BEJ6015},
 volume = {13},
 year = {2007}
}
