@incollection{nourdin.peccati.ea:13:multi-dimensional,
 author = {Nourdin, Ivan and Peccati, Giovanni and Speicher, Roland},
 booktitle = {Seminar on {S}tochastic {A}nalysis, {R}andom {F}ields and
{A}pplications {VII}},
 mrclass = {46L54 (60H05 60H07)},
 mrnumber = {3380342},
 mrreviewer = {Carlos Vargas Obieta},
 pages = {211--221},
 publisher = {Birkh\"{a}user/Springer, Basel},
 series = {Progr. Probab.},
 title = {Multi-dimensional semicircular limits on the free {W}igner
chaos},
 volume = {67},
 year = {2013}
}
