@article{nourdin.tudor:06:some,
 author = {Nourdin, Ivan and Tudor, Ciprian A.},
 doi = {10.1080/17442500600688997},
 fjournal = {Stochastics. An International Journal of Probability and Stochastic Processes},
 issn = {1744-2508},
 journal = {Stochastics},
 mrclass = {60H10 (60H07 60H20)},
 mrnumber = {2236631},
 mrreviewer = {Jorge A. Le\'{o}n},
 number = {2},
 pages = {51--65},
 title = {Some linear fractional stochastic equations},
 url = {https://doi.org/10.1080/17442500600688997},
 volume = {78},
 year = {2006}
}
