@article{nourdin.peccati.ea:16:multidimensional,
 author = {Nourdin, Ivan and Peccati, Giovanni and Poly, Guillaume and Simone, Rosaria},
 doi = {10.1051/ps/2016014},
 fjournal = {ESAIM. Probability and Statistics},
 issn = {1292-8100},
 journal = {ESAIM Probab. Stat.},
 mrclass = {60F17 (60F05)},
 mrnumber = {3533710},
 mrreviewer = {Yizao Wang},
 pages = {293--308},
 title = {Multidimensional limit theorems for homogeneous sums: a survey and a general transfer principle},
 url = {https://doi.org/10.1051/ps/2016014},
 volume = {20},
 year = {2016}
}
