@article{nourdin.peccati.ea:20:sojourn,
 author = {Nourdin, Ivan and Peccati, Giovanni and Seuret,
St\'{e}phane},
 doi = {10.3150/19-BEJ1105},
 fjournal = {Bernoulli. Official Journal of the Bernoulli Society for
Mathematical Statistics and Probability},
 issn = {1350-7265},
 journal = {Bernoulli},
 mrclass = {60G22 (28A80)},
 mrnumber = {4091086},
 mrreviewer = {Benjamin Arras},
 number = {3},
 pages = {1619--1634},
 title = {Sojourn time dimensions of fractional {B}rownian motion},
 url = {https://doi.org/10.3150/19-BEJ1105},
 volume = {26},
 year = {2020}
}
