@article{nualart.yeh:89:dependence,
 author = {Nualart, D. and Yeh, J.},
 doi = {10.1016/0304-4149(89)90065-3},
 fjournal = {Stochastic Processes and their Applications},
 issn = {0304-4149},
 journal = {Stochastic Process. Appl.},
 mrclass = {60H15},
 mrnumber = {1027107},
 mrreviewer = {M. Zakai},
 number = {1},
 pages = {45--61},
 title = {Dependence on the boundary condition for linear stochastic differential equations in the plane},
 url = {https://doi.org/10.1016/0304-4149(89)90065-3},
 volume = {33},
 year = {1989}
}
