@article{nualart.zheng:20:oscillatory,
 author = {Nualart, David and Zheng, Guangqu},
 fjournal = {Asymptotic Analysis},
 issn = {0921-7134},
 journal = {Asymptot. Anal.},
 mrclass = {60G15 (34B15 35B27 35R60 60F17 60H15)},
 mrnumber = {4159029},
 mrreviewer = {Fangjun Xu},
 number = {3-4},
 pages = {281--300},
 title = {Oscillatory {B}reuer-{M}ajor theorem with application to
the random corrector problem},
 volume = {119},
 year = {2020}
}
