@incollection{nualart:93:markov,
 author = {Nualart, David},
 booktitle = {Stochastic analysis and related topics ({O}slo, 1992)},
 mrclass = {60H30 (60G60 60J99)},
 mrnumber = {1268005},
 mrreviewer = {Eddy Mayer-Wolf},
 pages = {45--88},
 publisher = {Gordon and Breach, Montreux},
 series = {Stochastics Monogr.},
 title = {Markov fields and transformations of the {W}iener measure},
 volume = {8},
 year = {1993}
}
