@incollection{nualart:13:stochastic,
  author        = {Nualart, David},
  booktitle     = {European {C}ongress of {M}athematics},
  mrclass       = {60G22 (60H05)},
  mrnumber      = {3469139},
  mrreviewer    = {Jos\'{e} Rafael Le\'{o}n},
  pages         = {475--488},
  publisher     = {Eur. Math. Soc., Z\"{u}rich},
  title         = {Stochastic calculus with respect to the fractional {B}rownian motion},
  year          = {2013}
}
