@article{nualart:82:martingales,
 author = {Nualart, D.},
 fjournal = {Annales Scientifiques de l'Universit\'{e} de Clermont-Ferrand II. Math\'{e}matiques},
 issn = {0249-7042},
 journal = {Ann. Sci. Univ. Clermont-Ferrand II Math.},
 mrclass = {60G44},
 mrnumber = {707539},
 number = {20},
 pages = {112--114},
 title = {Martingales non fortes \`a variation ind\'{e}pendante du chemin},
 year = {1982}
}
