@article{nualart.pardoux:91:second,
 author = {Nualart, David and Pardoux, \'{E}tienne},
 doi = {10.1016/0304-4149(91)90028-B},
 fjournal = {Stochastic Processes and their Applications},
 issn = {0304-4149},
 journal = {Stochastic Process. Appl.},
 mrclass = {60H10 (34F05)},
 mrnumber = {1135081},
 mrreviewer = {Mireille Chaleyat-Maurel},
 number = {1},
 pages = {1--24},
 title = {Second order stochastic differential equations with {D}irichlet boundary conditions},
 url = {https://doi.org/10.1016/0304-4149(91)90028-B},
 volume = {39},
 year = {1991}
}
