@book{nualart.nualart:18:introduction,
  author        = {Nualart, David and Nualart, Eulalia},
  doi           = {10.1017/9781139856485},
  isbn          = {978-1-107-61198-6; 978-1-107-03912-4},
  mrclass       = {60-01 (60H07 60J65 60J75)},
  mrnumber      = {3838464},
  mrreviewer    = {Maria Gordina},
  pages         = {xii+236},
  publisher     = {Cambridge University Press, Cambridge},
  series        = {Institute of Mathematical Statistics Textbooks},
  title         = {Introduction to {M}alliavin calculus},
  url           = {https://doi.org/10.1017/9781139856485},
  volume        = {9},
  year          = {2018}
}
