@incollection{nualart.thieullen:96:anticipative,
 author = {Nualart, D. and Thieullen, M.},
 booktitle = {Stochastic analysis: random fields and measure-valued processes ({R}amat {G}an, 1993/1995)},
 mrclass = {60H10 (60H07)},
 mrnumber = {1415195},
 mrreviewer = {Daniel Ocone},
 pages = {169--181},
 publisher = {Bar-Ilan Univ., Ramat Gan},
 series = {Israel Math. Conf. Proc.},
 title = {Anticipative stochastic differential equations driven by a multidimensional {B}rownian motion},
 volume = {10},
 year = {1996}
}
