@article{nualart.vives:92:smoothness,
 author = {Nualart, D. and Vives, J.},
 doi = {10.1007/BF00269510},
 fjournal = {Potential Analysis. An International Journal Devoted to
the Interactions between Potential Theory, Probability
Theory, Geometry and Functional Analysis},
 issn = {0926-2601},
 journal = {Potential Anal.},
 mrclass = {60J55 (60H07)},
 mrnumber = {1245230},
 mrreviewer = {Tu Sheng Zhang},
 number = {3},
 pages = {257--263},
 title = {Smoothness of {B}rownian local times and related
functionals},
 url = {https://doi.org/10.1007/BF00269510},
 volume = {1},
 year = {1992}
}
