@article{nualart.steblovskaya:99:asymptotics,
  author        = {Nualart, D. and Steblovskaya, V.},
  doi           = {10.1080/17442509908834198},
  fjournal      = {Stochastics and Stochastics Reports},
  issn          = {1045-1129},
  journal       = {Stochastics Stochastics Rep.},
  mrclass       = {60H07 (28C20)},
  mrnumber      = {1692864},
  number        = {3-4},
  pages         = {293--309},
  title         = {Asymptotics of oscillatory integrals with quadratic phase function on {W}iener space},
  url           = {https://doi.org/10.1080/17442509908834198},
  volume        = {66},
  year          = {1999}
}
