@inproceedings{nualart:77:on*1,
 author = {Nualart, David},
 booktitle = {Proceedings of the {F}irst {S}panish-{P}ortuguese
{M}athematical {C}onference ({M}adrid, 1973) ({S}panish)},
 mrclass = {60G17 (60G07)},
 mrnumber = {581116},
 mrreviewer = {Evarist Gin\'{e}},
 pages = {647--655},
 publisher = {Consejo Sup. Inv. Cient., Madrid},
 title = {On the order convergence of stochastic processes},
 year = {1977}
}
