@article{nualart.pardoux:88:stochastic,
  author        = {Nualart, D. and Pardoux, \'{E}.},
  doi           = {10.1007/BF00353876},
  fjournal      = {Probability Theory and Related Fields},
  issn          = {0178-8051},
  journal       = {Probab. Theory Related Fields},
  mrclass       = {60H05 (60H07)},
  mrnumber      = {950346},
  mrreviewer    = {Halim Doss},
  number        = {4},
  pages         = {535--581},
  title         = {Stochastic calculus with anticipating integrands},
  url           = {https://doi.org/10.1007/BF00353876},
  volume        = {78},
  year          = {1988}
}
