@article{nualart:04:exponential,
  author        = {Nualart, Eulalia},
  doi           = {10.1016/j.crma.2003.11.015},
  fjournal      = {Comptes Rendus Math\'{e}matique. Acad\'{e}mie des Sciences. Paris},
  issn          = {1631-073X},
  journal       = {C. R. Math. Acad. Sci. Paris},
  mrclass       = {60H07},
  mrnumber      = {2038089},
  mrreviewer    = {Jean Picard},
  number        = {1},
  pages         = {77--80},
  title         = {Exponential divergence estimates and heat kernel tail},
  url           = {https://doi.org/10.1016/j.crma.2003.11.015},
  volume        = {338},
  year          = {2004}
}
