@article{nualart-i-rodon:03:brownian,
 author = {Nualart I Rod\'{o}n, David},
 fjournal = {Memorias de la Real Academia de Ciencias y Artes de
Barcelona},
 issn = {0368-8283},
 journal = {Mem. Real Acad. Cienc. Artes Barcelona},
 mrclass = {60J65 (91B28)},
 mrnumber = {2224390},
 number = {9},
 pages = {311--339},
 title = {Brownian motion and financial markets},
 volume = {60},
 year = {2003}
}
