@incollection{nualart:95:markov,
 author = {Nualart, David},
 booktitle = {Stochastic analysis ({I}thaca, {NY}, 1993)},
 doi = {10.1090/pspum/057/1335490},
 mrclass = {60G60 (60H15 60J99)},
 mrnumber = {1335490},
 mrreviewer = {Ana Bela Cruzeiro},
 pages = {465--471},
 publisher = {Amer. Math. Soc., Providence, RI},
 series = {Proc. Sympos. Pure Math.},
 title = {Markov properties for solutions of stochastic differential
equations},
 url = {https://doi.org/10.1090/pspum/057/1335490},
 volume = {57},
 year = {1995}
}
