@incollection{nualart:03:stochastic,
  author        = {Nualart, David},
  booktitle     = {Stochastic models ({M}exico {C}ity, 2002)},
  doi           = {10.1090/conm/336/06025},
  mrclass       = {60H05 (60G18 60H07 60H10)},
  mrnumber      = {2037156},
  mrreviewer    = {Dominique L\'{e}pingle},
  pages         = {3--39},
  publisher     = {Amer. Math. Soc., Providence, RI},
  series        = {Contemp. Math.},
  title         = {Stochastic integration with respect to fractional {B}rownian motion and applications},
  url           = {https://doi.org/10.1090/conm/336/06025},
  volume        = {336},
  year          = {2003}
}
