@article{nualart.rovira.ea:03:probabilistic,
 author = {Nualart, David and Rovira, Carles and Tindel, Samy},
 doi = {10.1214/aop/1068646369},
 fjournal = {The Annals of Probability},
 issn = {0091-1798},
 journal = {Ann. Probab.},
 mrclass = {76M35 (60G15 60H05 76F55)},
 mrnumber = {2016603},
 mrreviewer = {Christophe Giraud},
 number = {4},
 pages = {1862--1899},
 title = {Probabilistic models for vortex filaments based on
fractional {B}rownian motion},
 url = {https://doi.org/10.1214/aop/1068646369},
 volume = {31},
 year = {2003}
}
