@book{nualart:06:malliavin,
 author = {Nualart, David},
 edition = {Second},
 isbn = {978-3-540-28328-7; 3-540-28328-5},
 mrclass = {60-02 (60H07 60H30)},
 mrnumber = {2200233},
 mrreviewer = {Daniel Ocone},
 pages = {xiv+382},
 publisher = {Springer-Verlag, Berlin},
 series = {Probability and its Applications (New York)},
 title = {The {M}alliavin calculus and related topics},
 year = {2006}
}
