@article{nualart.quer-sardanyons:12:gaussian,
  author        = {Nualart, Eulalia and Quer-Sardanyons, Llu\'{i}s},
  doi           = {10.1016/j.spa.2011.08.013},
  fjournal      = {Stochastic Processes and their Applications},
  issn          = {0304-4149},
  journal       = {Stochastic Process. Appl.},
  mrclass       = {60H15 (60H07)},
  mrnumber      = {2860455},
  mrreviewer    = {Stefano Bonaccorsi},
  number        = {1},
  pages         = {418--447},
  title         = {Gaussian estimates for the density of the non-linear stochastic heat equation in any space dimension},
  url           = {https://doi.org/10.1016/j.spa.2011.08.013},
  volume        = {122},
  year          = {2012}
}
