@article{nualart.sanz:85:malliavin*1,
  author        = {Nualart, D. and Sanz, M.},
  doi           = {10.1007/BF00531868},
  fjournal      = {Zeitschrift f\"{u}r Wahrscheinlichkeitstheorie und Verwandte Gebiete},
  issn          = {0044-3719},
  journal       = {Z. Wahrsch. Verw. Gebiete},
  mrclass       = {60H15 (58G32 60G60)},
  mrnumber      = {807338},
  mrreviewer    = {M. Zakai},
  number        = {4},
  pages         = {573--590},
  title         = {Malliavin calculus for two-parameter {W}iener functionals},
  url           = {https://doi.org/10.1007/BF00531868},
  volume        = {70},
  year          = {1985}
}
