@article{nualart.zakai:90:multiple,
 author = {Nualart, David and Zakai, Moshe},
 doi = {10.1007/BF01377634},
 fjournal = {Probability Theory and Related Fields},
 issn = {0178-8051},
 journal = {Probab. Theory Related Fields},
 mrclass = {60H05 (46G12)},
 mrnumber = {1044305},
 mrreviewer = {A. Badrikian},
 number = {1},
 pages = {131--145},
 title = {Multiple {W}iener-{I}t\^{o} integrals possessing a
continuous extension},
 url = {https://doi.org/10.1007/BF01377634},
 volume = {85},
 year = {1990}
}
