@incollection{nualart:05:white,
  author        = {Nualart, David},
  booktitle     = {Stochastic analysis: classical and quantum},
  mrclass       = {60H40 (46F25 46N30 60G15)},
  mrnumber      = {2233155},
  mrreviewer    = {Laure Coutin},
  pages         = {112--126},
  publisher     = {World Sci. Publ., Hackensack, NJ},
  title         = {A white noise approach to fractional {B}rownian motion},
  year          = {2005}
}
