@inproceedings{nualart:77:on,
 author = {Nualart, David},
 booktitle = {Proceedings of the {F}irst {S}panish-{P}ortuguese
{M}athematical {C}onference ({M}adrid, 1973) ({S}panish)},
 mrclass = {60G42},
 mrnumber = {581115},
 mrreviewer = {Dominique L\'{e}pingle},
 pages = {638--646},
 publisher = {Consejo Sup. Inv. Cient., Madrid},
 title = {On the convergence of martingales},
 year = {1977}
}
