@article{nualart.schoutens:00:chaotic,
 author = {Nualart, David and Schoutens, Wim},
 doi = {10.1016/S0304-4149(00)00035-1},
 fjournal = {Stochastic Processes and their Applications},
 issn = {0304-4149},
 journal = {Stochastic Process. Appl.},
 mrclass = {60G51 (60H05)},
 mrnumber = {1787127},
 mrreviewer = {Jean Bertoin},
 number = {1},
 pages = {109--122},
 title = {Chaotic and predictable representations for {L}\'{e}vy
processes},
 url = {https://doi.org/10.1016/S0304-4149(00)00035-1},
 volume = {90},
 year = {2000}
}
