@incollection{nualart:86:malliavin,
 author = {Nualart, D.},
 booktitle = {Probability and {B}anach spaces ({Z}aragoza, 1985)},
 doi = {10.1007/BFb0099114},
 mrclass = {60H07},
 mrnumber = {875010},
 mrreviewer = {Ali S\"{u}leyman \"{U}st\"{u}nel},
 pages = {182--194},
 publisher = {Springer, Berlin},
 series = {Lecture Notes in Math.},
 title = {Malliavin calculus and stochastic integrals},
 url = {https://doi.org/10.1007/BFb0099114},
 volume = {1221},
 year = {1986}
}
