@incollection{nualart.pardoux:91:stochastic,
 author = {Nualart, David and Pardoux, \'{E}tienne},
 booktitle = {Stochastic analysis and applications ({L}isbon, 1989)},
 mrclass = {60H07 (60H10)},
 mrnumber = {1168074},
 mrreviewer = {Daniel Ocone},
 pages = {155--175},
 publisher = {Birkh\"{a}user Boston, Boston, MA},
 series = {Progr. Probab.},
 title = {Stochastic differential equations with boundary
conditions},
 volume = {26},
 year = {1991}
}
