@article{nualart.perez-abreu:14:on,
 author = {Nualart, David and P\'{e}rez-Abreu, Victor},
 doi = {10.1016/j.spa.2014.07.017},
 fjournal = {Stochastic Processes and their Applications},
 issn = {0304-4149},
 journal = {Stochastic Process. Appl.},
 mrclass = {60H05 (60G22 60H07)},
 mrnumber = {3264448},
 mrreviewer = {Mireia Besal\'{u}},
 number = {12},
 pages = {4266--4282},
 title = {On the eigenvalue process of a matrix fractional {B}rownian motion},
 url = {https://doi.org/10.1016/j.spa.2014.07.017},
 volume = {124},
 year = {2014}
}
