@incollection{nualart.vives:95:duality,
  author        = {Nualart, David and Vives, Josep},
  booktitle     = {Seminar on {S}tochastic {A}nalysis, {R}andom {F}ields and {A}pplications ({A}scona, 1993)},
  mrclass       = {60H07 (60G55)},
  mrnumber      = {1360277},
  mrreviewer    = {H\'{e}l\`ene Airault},
  pages         = {205--213},
  publisher     = {Birkh\"{a}user, Basel},
  series        = {Progr. Probab.},
  title         = {A duality formula on the {P}oisson space and some applications},
  volume        = {36},
  year          = {1995}
}
