@article{nualart:84:formule,
 author = {Nualart, David},
 fjournal = {Annales de l'Institut Henri Poincar\'{e}. Probabilit\'{e}s et Statistique},
 issn = {0246-0203},
 journal = {Ann. Inst. H. Poincar\'{e} Probab. Statist.},
 mrclass = {60H05 (60G48)},
 mrnumber = {762858},
 mrreviewer = {Ely Merzbach},
 number = {3},
 pages = {251--275},
 title = {Une formule d'{I}t\^{o} pour les martingales continues \`a deux indices et quelques applications},
 url = {http://www.numdam.org/item?id=AIHPB_1984__20_3_251_0},
 volume = {20},
 year = {1984}
}
