@incollection{nualart.ouknine:03:stochastic,
 author = {Nualart, David and Ouknine, Youssef},
 booktitle = {Stochastic inequalities and applications},
 mrclass = {60H10 (34F05 60G18)},
 mrnumber = {2073441},
 mrreviewer = {Volker Wihstutz},
 pages = {353--365},
 publisher = {Birkh\"{a}user, Basel},
 series = {Progr. Probab.},
 title = {Stochastic differential equations with additive fractional noise and locally unbounded drift},
 volume = {56},
 year = {2003}
}
