@article{nualart:81:decomposition,
 author = {Nualart, D.},
 fjournal = {Stochastica},
 issn = {0210-7821},
 journal = {Stochastica},
 mrclass = {60G44 (60H05)},
 mrnumber = {659245},
 mrreviewer = {Ely Merzbach},
 number = {3},
 pages = {133--150},
 title = {Decomposition of two-parameter martingales},
 volume = {5},
 year = {1981}
}
