@article{nualart.pardoux:92:white,
  author        = {Nualart, D. and Pardoux, \'{E}.},
  doi           = {10.1007/BF01195389},
  fjournal      = {Probability Theory and Related Fields},
  issn          = {0178-8051},
  journal       = {Probab. Theory Related Fields},
  mrclass       = {60H15 (35R60 49J40)},
  mrnumber      = {1172940},
  mrreviewer    = {Ralf Manthey},
  number        = {1},
  pages         = {77--89},
  title         = {White noise driven quasilinear {SPDE}s with reflection},
  url           = {https://doi.org/10.1007/BF01195389},
  volume        = {93},
  year          = {1992}
}
