@article{nualart.ortiz-latorre:08:central,
 author = {Nualart, D. and Ortiz-Latorre, S.},
 doi = {10.1016/j.spa.2007.05.004},
 fjournal = {Stochastic Processes and their Applications},
 issn = {0304-4149},
 journal = {Stochastic Process. Appl.},
 mrclass = {60F05 (60G15 60H05 60H07)},
 mrnumber = {2394845},
 mrreviewer = {Giovanni Peccati},
 number = {4},
 pages = {614--628},
 title = {Central limit theorems for multiple stochastic integrals and {M}alliavin calculus},
 url = {https://doi.org/10.1016/j.spa.2007.05.004},
 volume = {118},
 year = {2008}
}
