@article{nualart:85:variations,
 author = {Nualart, David},
 doi = {10.1080/17442508508833348},
 fjournal = {Stochastics},
 issn = {0090-9491},
 journal = {Stochastics},
 mrclass = {60G48},
 mrnumber = {803151},
 mrreviewer = {Ely Merzbach},
 number = {1},
 pages = {51--63},
 title = {Variations quadratiques et in\'{e}galit\'{e}s pour les
martingales \`a deux indices},
 url = {https://doi.org/10.1080/17442508508833348},
 volume = {15},
 year = {1985}
}
