@article{nualart.pardoux:91:boundary,
 author = {Nualart, D. and Pardoux, \'{E}.},
 fjournal = {The Annals of Probability},
 issn = {0091-1798},
 journal = {Ann. Probab.},
 mrclass = {60H10 (34B15 34F05)},
 mrnumber = {1112409},
 mrreviewer = {Denis R. Bell},
 number = {3},
 pages = {1118--1144},
 title = {Boundary value problems for stochastic differential
equations},
 url = {http://links.jstor.org/sici?sici=0091-1798(199107)19:3<1118:BVPFSD>2.0.CO;2-B&origin=MSN},
 volume = {19},
 year = {1991}
}
