@incollection{nualart.zakai:89:summary,
 author = {Nualart, D. and Zakai, M.},
 booktitle = {Stochastic partial differential equations and applications, {II} ({T}rento, 1988)},
 doi = {10.1007/BFb0083946},
 mrclass = {60H07},
 mrnumber = {1019603},
 mrreviewer = {Ali S\"{u}leyman \"{U}st\"{u}nel},
 pages = {192--196},
 publisher = {Springer, Berlin},
 series = {Lecture Notes in Math.},
 title = {A summary of some identities of the {M}alliavin calculus},
 url = {https://doi.org/10.1007/BFb0083946},
 volume = {1390},
 year = {1989}
}
