@article{nualart.xia:20:on,
 author = {Nualart, David and Xia, Panqiu},
 doi = {10.30757/alea.v17-22},
 fjournal = {ALEA. Latin American Journal of Probability and
Mathematical Statistics},
 journal = {ALEA Lat. Am. J. Probab. Math. Stat.},
 mrclass = {60L20 (60H10 60H15)},
 mrnumber = {4105930},
 number = {1},
 pages = {545--587},
 title = {On nonlinear rough paths},
 url = {https://doi.org/10.30757/alea.v17-22},
 volume = {17},
 year = {2020}
}
