@article{nualart.utzet:87:property,
 author = {Nualart, David and Utzet, Frederic},
 doi = {10.1016/0304-4149(87)90026-3},
 fjournal = {Stochastic Processes and their Applications},
 issn = {0304-4149},
 journal = {Stochastic Process. Appl.},
 mrclass = {60G48 (60H05)},
 mrnumber = {883601},
 mrreviewer = {Ely Merzbach},
 number = {1},
 pages = {31--49},
 title = {A property of two-parameter martingales with
path-independent variation},
 url = {https://doi.org/10.1016/0304-4149(87)90026-3},
 volume = {24},
 year = {1987}
}
