@incollection{nualart:79:decomposition,
 author = {Nualart, David},
 booktitle = {Contributions in probability and mathematical statistics, teaching of mathematics and analysis ({S}panish)},
 mrclass = {60G57 (60J30)},
 mrnumber = {577804},
 mrreviewer = {Alan F. Karr},
 pages = {83--90},
 publisher = {Grindley, Granada},
 title = {Decomposition of independent valued stochastic measures},
 year = {1979}
}
