@article{nualart.zakai:88:generalized,
 author = {Nualart, David and Zakai, Moshe},
 doi = {10.1080/17442508808833496},
 fjournal = {Stochastics},
 issn = {0090-9491},
 journal = {Stochastics},
 mrclass = {60H05},
 mrnumber = {959117},
 mrreviewer = {Daniel Ocone},
 number = {3},
 pages = {311--330},
 title = {Generalized multiple stochastic integrals and the
representation of {W}iener functionals},
 url = {https://doi.org/10.1080/17442508808833496},
 volume = {23},
 year = {1988}
}
