@incollection{nualart.vuillermot:06:stabilization,
  author        = {Nualart, David and Vuillermot, Pierre A.},
  booktitle     = {Stochastic partial differential equations and applications---{VII}},
  doi           = {10.1201/9781420028720.ch18},
  mrclass       = {60H15},
  mrnumber      = {2227231},
  mrreviewer    = {Marek Capi\'{n}ski},
  pages         = {215--227},
  publisher     = {Chapman \& Hall/CRC, Boca Raton, FL},
  series        = {Lect. Notes Pure Appl. Math.},
  title         = {A stabilization phenomenon for a class of stochastic partial differential equations},
  url           = {https://doi.org/10.1201/9781420028720.ch18},
  volume        = {245},
  year          = {2006}
}
