@article{obayashi:18:volume-optimal,
 author = {Obayashi, Ippei},
 doi = {10.1137/17M1159439},
 fjournal = {SIAM Journal on Applied Algebra and Geometry},
 journal = {SIAM J. Appl. Algebra Geom.},
 mrclass = {55N35 (90C05)},
 mrnumber = {3867608},
 mrreviewer = {Elizabeth Munch},
 number = {4},
 pages = {508--534},
 title = {Volume-optimal cycle: tightest representative cycle of a generator in persistent homology},
 url = {https://doi.org/10.1137/17M1159439},
 volume = {2},
 year = {2018}
}
