@book{oberhettinger:74:tables,
  author        = {Oberhettinger, Fritz},
  mrclass       = {44-02 (44A15)},
  mrnumber      = {0352890},
  pages         = {v+275},
  publisher     = {Springer-Verlag, New York-Heidelberg},
  title         = {Tables of {M}ellin transforms},
  year          = {1974}
}
