@book{oberhettinger.badii:73:tables,
  author        = {Oberhettinger, Fritz and Badii, Larry},
  mrclass       = {44-02 (44A15)},
  mrnumber      = {0352889},
  pages         = {vii+428},
  publisher     = {Springer-Verlag, New York-Heidelberg},
  title         = {Tables of {L}aplace transforms},
  year          = {1973}
}
