@article{obukhov:83:kolmogorov,
  author        = {Obukhov, AM},
  journal       = {Russ. Math. Surv},
  number        = {4},
  pages         = {113--126},
  title         = {Kolmogorov flow and laboratory simulation of it},
  volume        = {38},
  year          = {1983}
}
