@article{oelschlager:84:martingale,
  author        = {Oelschl\"{a}ger, Karl},
  fjournal      = {The Annals of Probability},
  issn          = {0091-1798,2168-894X},
  journal       = {Ann. Probab.},
  mrclass       = {60K35 (82A05)},
  mrnumber      = {735849},
  mrreviewer    = {T.\ M.\ Liggett},
  number        = {2},
  pages         = {458--479},
  title         = {A martingale approach to the law of large numbers for weakly interacting stochastic processes},
  url           = {http://links.jstor.org/sici?sici=0091-1798(198405)12:2<458:AMATTL>2.0.CO;2-H\&origin=MSN},
  volume        = {12},
  year          = {1984}
}
