@article{oelschlager:91:on,
 author = {Oelschl\"{a}ger, Karl},
 doi = {10.1007/BF00375277},
 fjournal = {Archive for Rational Mechanics and Analysis},
 issn = {0003-9527},
 journal = {Arch. Rational Mech. Anal.},
 mrclass = {82C21 (76A02 76N10)},
 mrnumber = {1120850},
 mrreviewer = {Giuseppe\ Toscani},
 number = {4},
 pages = {297--310},
 title = {On the connection between {H}amiltonian many-particle systems and the hydrodynamical equations},
 url = {https://doi.org/10.1007/BF00375277},
 volume = {115},
 year = {1991}
}
