@article{oelschlager:95:description,
  author        = {Oelschl\"{a}ger, Karl},
  doi           = {10.1142/S0218202595000486},
  fjournal      = {Mathematical Models and Methods in Applied Sciences},
  issn          = {0218-2025,1793-6314},
  journal       = {Math. Models Methods Appl. Sci.},
  mrclass       = {76N10 (35Q30 76M35)},
  mrnumber      = {1359213},
  mrreviewer    = {Ana\ M.\ Carpio},
  number        = {7},
  pages         = {887--922},
  title         = {The description of many-particle systems by the equations for a viscous, compressible, barotropic fluid},
  url           = {https://doi.org/10.1142/S0218202595000486},
  volume        = {5},
  year          = {1995}
}
