@article{oelschlager:92:spread,
 author = {Oelschl\"{a}ger, Karl},
 doi = {10.1007/BF00173291},
 fjournal = {Journal of Mathematical Biology},
 issn = {0303-6812,1432-1416},
 journal = {J. Math. Biol.},
 mrclass = {92D30 (45J05)},
 mrnumber = {1154695},
 number = {4},
 pages = {321--354},
 title = {The spread of a parasitic infection in a spatially
distributed host population},
 url = {https://doi.org/10.1007/BF00173291},
 volume = {30},
 year = {1992}
}
