@article{oh.okamoto:21:comparing,
  author        = {Oh, Tadahiro and Okamoto, Mamoru},
  doi           = {10.1214/20-EJP575},
  fjournal      = {Electronic Journal of Probability},
  journal       = {Electron. J. Probab.},
  mrclass       = {35R60 (60H15)},
  mrnumber      = {4216522},
  mrreviewer    = {Jinlong Wei},
  pages         = {Paper No. 9, 44},
  title         = {Comparing the stochastic nonlinear wave and heat equations: a case study},
  url           = {https://doi.org/10.1214/20-EJP575},
  volume        = {26},
  year          = {2021}
}
