@article{oh.okamoto.ea:20:remark,
  author        = {Oh, Tadahiro and Okamoto, Mamoru and Robert, Tristan},
  doi           = {10.1016/j.spa.2020.05.010},
  fjournal      = {Stochastic Processes and their Applications},
  issn          = {0304-4149},
  journal       = {Stochastic Process. Appl.},
  mrclass       = {35R60 (35L15 35L71 60H15)},
  mrnumber      = {4127348},
  mrreviewer    = {Baris Evren Ugurcan},
  number        = {9},
  pages         = {5838--5864},
  title         = {A remark on triviality for the two-dimensional stochastic nonlinear wave equation},
  url           = {https://doi.org/10.1016/j.spa.2020.05.010},
  volume        = {130},
  year          = {2020}
}
