@article{oh.pocovnicu.ea:22:probabilistic,
  author        = {Oh, Tadahiro and Pocovnicu, Oana and Tzvetkov, Nikolay},
  doi           = {10.5802/aif.3454},
  fjournal      = {Universit\'{e} de Grenoble. Annales de l'Institut Fourier},
  issn          = {0373-0956},
  journal       = {Ann. Inst. Fourier (Grenoble)},
  mrclass       = {35L71 (60H30)},
  mrnumber      = {4448609},
  number        = {2},
  pages         = {771--830},
  title         = {Probabilistic local {C}auchy theory of the cubic nonlinear wave equation in negative {S}obolev spaces},
  url           = {https://doi.org/10.5802/aif.3454},
  volume        = {72},
  year          = {2022}
}
