@article{oh.quastel:16:on,
 author = {Oh, Tadahiro and Quastel, Jeremy},
 doi = {10.1017/S0013091515000218},
 fjournal = {Proceedings of the Edinburgh Mathematical Society. Series
II},
 issn = {0013-0915},
 journal = {Proc. Edinb. Math. Soc. (2)},
 mrclass = {60H40 (35Q53 35Q55 35R60 60H30)},
 mrnumber = {3509243},
 number = {2},
 pages = {483--501},
 title = {On the {C}ameron-{M}artin theorem and almost-sure global
existence},
 url = {https://doi.org/10.1017/S0013091515000218},
 volume = {59},
 year = {2016}
}
