@article{oh.robert.ea:21:on*1,
  author        = {Oh, Tadahiro and Robert, Tristan and Wang, Yuzhao},
  doi           = {10.1007/s00220-021-04125-8},
  fjournal      = {Communications in Mathematical Physics},
  issn          = {0010-3616},
  journal       = {Comm. Math. Phys.},
  mrclass       = {60H15 (35K08 35L05)},
  mrnumber      = {4324379},
  mrreviewer    = {Huaqiao Wang},
  number        = {3},
  pages         = {1281--1351},
  title         = {On the parabolic and hyperbolic {L}iouville equations},
  url           = {https://doi.org/10.1007/s00220-021-04125-8},
  volume        = {387},
  year          = {2021}
}
