@article{oh.robert.ea:23:stochastic,
  author        = {Oh, Tadahiro and Robert, Tristan and Tzvetkov, Nikolay},
  doi           = {10.5802/ahl.163},
  fjournal      = {Annales Henri Lebesgue},
  journal       = {Ann. H. Lebesgue},
  mrclass       = {35L71 (35R60 60H15)},
  mrnumber      = {4593608},
  mrreviewer    = {Gongwei Liu},
  pages         = {161--223},
  title         = {Stochastic nonlinear wave dynamics on compact surfaces},
  url           = {https://doi.org/10.5802/ahl.163},
  volume        = {6},
  year          = {2023}
}
