@article{oh.seong.ea:24:remark,
  author        = {Oh, Tadahiro and Seong, Kihoon and Tolomeo, Leonardo},
  doi           = {10.1017/fms.2024.28},
  fjournal      = {Forum of Mathematics. Sigma},
  journal       = {Forum Math. Sigma},
  mrclass       = {60G60 (35L71 35Q53 35Q55 60G15 60H30 81T08)},
  mrnumber      = {4728493},
  mrreviewer    = {Ou Zhao},
  pages         = {Paper No. e50, 40},
  title         = {A remark on {G}ibbs measures with log-correlated {G}aussian fields},
  url           = {https://doi.org/10.1017/fms.2024.28},
  volume        = {12},
  year          = {2024}
}
