@article{oh.wang.ea:22:three-dimensional,
  author        = {Oh, Tadahiro and Wang, Yuzhao and Zine, Younes},
  doi           = {10.1007/s40072-022-00237-x},
  fjournal      = {Stochastic Partial Differential Equations. Analysis and Computations},
  issn          = {2194-0401},
  journal       = {Stoch. Partial Differ. Equ. Anal. Comput.},
  mrclass       = {35L71 (60H15 60L40)},
  mrnumber      = {4491506},
  number        = {3},
  pages         = {898--963},
  title         = {Three-dimensional stochastic cubic nonlinear wave equation with almost space-time white noise},
  url           = {https://doi.org/10.1007/s40072-022-00237-x},
  volume        = {10},
  year          = {2022}
}
