@article{oh:09:invariant,
  author        = {Oh, Tadahiro},
  fjournal      = {Differential and Integral Equations. An International Journal for Theory \& Applications},
  issn          = {0893-4983},
  journal       = {Differential Integral Equations},
  mrclass       = {35Q53 (35B30 37A99 37K10)},
  mrnumber      = {2532115},
  number        = {7-8},
  pages         = {637--668},
  title         = {Invariant {G}ibbs measures and a.s. global well posedness for coupled {K}d{V} systems},
  volume        = {22},
  year          = {2009}
}
