@article{oh:09:invariance*1,
  author        = {Oh, Tadahiro},
  doi           = {10.1137/080738180},
  fjournal      = {SIAM Journal on Mathematical Analysis},
  issn          = {0036-1410},
  journal       = {SIAM J. Math. Anal.},
  mrclass       = {35Q53 (35B30 35Q55 37L40 60H30)},
  mrnumber      = {2579711},
  mrreviewer    = {Boris Ettinger},
  number        = {6},
  pages         = {2207--2225},
  title         = {Invariance of the {G}ibbs measure for the {S}chr\"{o}dinger-{B}enjamin-{O}no system},
  url           = {https://doi.org/10.1137/080738180},
  volume        = {41},
  year          = {2009/10}
}
