@article{ohagan:19:expert,
  author        = {O'Hagan, Anthony},
  journal       = {The American Statistician},
  number        = {sup1},
  pages         = {69--81},
  publisher     = {Taylor \& Francis},
  title         = {Expert knowledge elicitation: {Subjective} but scientific},
  volume        = {73},
  year          = {2019}
}
