@book{ohagan.buck.ea:06:uncertain,
  author        = {O'Hagan, Anthony and Buck, Caitlin E and Daneshkhah, Alireza and Eiser, J Richard and Garthwaite, Paul H and Jenkinson, David J and Oakley, Jeremy E and Rakow, Tim},
  publisher     = {John Wiley \& Sons},
  title         = {Uncertain judgements: {Eliciting} experts' probabilities},
  year          = {2006}
}
