@article{okounkov:02:generating,
 author = {Okounkov, Andrei},
 doi = {10.1155/S1073792802110099},
 fjournal = {International Mathematics Research Notices},
 issn = {1073-7928},
 journal = {Int. Math. Res. Not.},
 mrclass = {14H10 (14H70 37K20)},
 mrnumber = {1902297},
 mrreviewer = {Gilberto Bini},
 number = {18},
 pages = {933--957},
 title = {Generating functions for intersection numbers on moduli
spaces of curves},
 url = {https://doi.org/10.1155/S1073792802110099},
 year = {2002}
}
