@article{okounkov:01:infinite,
 author = {Okounkov, Andrei},
 doi = {10.1007/PL00001398},
 fjournal = {Selecta Mathematica. New Series},
 issn = {1022-1824},
 journal = {Selecta Math. (N.S.)},
 mrclass = {60C05},
 mrnumber = {1856553},
 mrreviewer = {Hajime Yamato},
 number = {1},
 pages = {57--81},
 title = {Infinite wedge and random partitions},
 url = {https://doi.org/10.1007/PL00001398},
 volume = {7},
 year = {2001}
}
