@article{oksendal.zhang:12:backward,
 author = {{\O}ksendal, Bernt and Zhang, Tusheng},
 doi = {10.31390/cosa.6.4.13},
 fjournal = {Communications on Stochastic Analysis},
 journal = {Commun. Stoch. Anal.},
 mrclass = {60H10 (35R60 60H30 65C30 91G80 93E20)},
 mrnumber = {3034013},
 mrreviewer = {Juan Li},
 number = {4},
 pages = {703--722},
 title = {Backward stochastic differential equations with respect to
general filtrations and applications to insider finance},
 url = {https://doi.org/10.31390/cosa.6.4.13},
 volume = {6},
 year = {2012}
}
