@book{oksendal:03:stochastic,
  author        = {{\O}ksendal, Bernt},
  doi           = {10.1007/978-3-642-14394-6},
  edition       = {Sixth},
  isbn          = {3-540-04758-1},
  mrclass       = {60H10 (60G44 60J60)},
  mrnumber      = {2001996},
  note          = {An introduction with applications},
  pages         = {xxiv+360},
  publisher     = {Springer-Verlag, Berlin},
  series        = {Universitext},
  title         = {Stochastic differential equations},
  url           = {https://doi.org/10.1007/978-3-642-14394-6},
  year          = {2003}
}
