@incollection{olde-daalhuis:10:confluent,
 author = {Olde Daalhuis, A. B.},
 booktitle = {N{IST} handbook of mathematical functions},
 mrclass = {33C15},
 mrnumber = {2655353},
 pages = {321--349},
 publisher = {U.S. Dept. Commerce, Washington, DC},
 title = {Confluent hypergeometric functions},
 year = {2010}
}
