@article{olivieri.picco:84:on,
  author        = {Olivieri, Enzo and Picco, Pierre},
  fjournal      = {Communications in Mathematical Physics},
  issn          = {0010-3616},
  journal       = {Comm. Math. Phys.},
  mrclass       = {82A30 (82A05 82A57)},
  mrnumber      = {765963},
  mrreviewer    = {V. P. Kalashnikov},
  number        = {1},
  pages         = {125--144},
  title         = {On the existence of thermodynamics for the random energy model},
  url           = {http://projecteuclid.org/euclid.cmp/1103941722},
  volume        = {96},
  year          = {1984}
}
