@article{olla.varadhan:91:scaling,
 author = {Olla, Stefano and Varadhan, S. R. S.},
 fjournal = {Communications in Mathematical Physics},
 issn = {0010-3616,1432-0916},
 journal = {Comm. Math. Phys.},
 mrclass = {60K35 (60J60)},
 mrnumber = {1087388},
 number = {2},
 pages = {355--378},
 title = {Scaling limit for interacting {O}rnstein-{U}hlenbeck
processes},
 url = {http://projecteuclid.org/euclid.cmp/1104202030},
 volume = {135},
 year = {1991}
}
