@incollection{olshanski:11:random,
  author        = {Olshanski, Grigori},
  booktitle     = {The {O}xford handbook of random matrix theory},
  mrclass       = {60C05 (60B20)},
  mrnumber      = {2932645},
  mrreviewer    = {Martin V. Hildebrand},
  pages         = {510--533},
  publisher     = {Oxford Univ. Press, Oxford},
  title         = {Random permutations and related topics},
  year          = {2011}
}
