@book{olver:97:asymptotics,
  author        = {Olver, Frank W. J.},
  isbn          = {1-56881-069-5},
  mrclass       = {41-02 (33Cxx 41A60 65D20)},
  mrnumber      = {1429619},
  note          = {Reprint of the 1974 original [Academic Press, New York; MR0435697 (55 \#8655)]},
  pages         = {xviii+572},
  publisher     = {A K Peters, Ltd., Wellesley, MA},
  series        = {AKP Classics},
  title         = {Asymptotics and special functions},
  year          = {1997}
}
