@incollection{olver.maximon:10:bessel,
 author = {Olver, F. W. J. and Maximon, L. C.},
 booktitle = {N{IST} handbook of mathematical functions},
 mrclass = {33C10},
 mrnumber = {2655350},
 pages = {215--286},
 publisher = {U.S. Dept. Commerce, Washington, DC},
 title = {Bessel functions},
 year = {2010}
}
