@article{ondrejat:04:uniqueness,
 author = {Ondrej\'{a}t, Martin},
 doi = {10.4064/dm426-0-1},
 fjournal = {Dissertationes Mathematicae (Rozprawy Matematyczne)},
 issn = {0012-3862},
 journal = {Dissertationes Math. (Rozprawy Mat.)},
 mrclass = {60H15 (60H05)},
 mrnumber = {2067962},
 mrreviewer = {Bohdan Maslowski},
 pages = {63},
 title = {Uniqueness for stochastic evolution equations in {B}anach
spaces},
 url = {https://doi.org/10.4064/dm426-0-1},
 volume = {426},
 year = {2004}
}
