@article{ondrejat:10:stochastic*1,
 author = {Ondrej\'{a}t, Martin},
 doi = {10.1214/EJP.v15-789},
 fjournal = {Electronic Journal of Probability},
 journal = {Electron. J. Probab.},
 mrclass = {60H15},
 mrnumber = {2659757},
 mrreviewer = {Chunrong Feng},
 pages = {no. 33, 1041--1091},
 title = {Stochastic nonlinear wave equations in local {S}obolev spaces},
 url = {https://doi.org/10.1214/EJP.v15-789},
 volume = {15},
 year = {2010}
}
