@article{ondrejat:10:stochastic,
 author = {Ondrej\'{a}t, Martin},
 doi = {10.1016/j.jde.2009.12.010},
 fjournal = {Journal of Differential Equations},
 issn = {0022-0396},
 journal = {J. Differential Equations},
 mrclass = {60H15 (35R60)},
 mrnumber = {2593599},
 number = {7},
 pages = {1579--1602},
 title = {Stochastic wave equation with critical nonlinearities: temporal regularity and uniqueness},
 url = {https://doi.org/10.1016/j.jde.2009.12.010},
 volume = {248},
 year = {2010}
}
