@article{ondrejat.seidler:13:on,
 author = {Ondrej\'{a}t, Martin and Seidler, Jan},
 doi = {10.1214/ECP.v18-2548},
 fjournal = {Electronic Communications in Probability},
 issn = {1083-589X},
 journal = {Electron. Commun. Probab.},
 mrclass = {60G07},
 mrnumber = {3037218},
 mrreviewer = {Zhenxia\ Liu},
 pages = {no. 20, 6},
 title = {On existence of progressively measurable modifications},
 url = {https://doi.org/10.1214/ECP.v18-2548},
 volume = {18},
 year = {2013}
}
