@article{ono:97:global,
 author = {Ono, Kosuke},
 doi = {10.1006/jdeq.1997.3263},
 fjournal = {Journal of Differential Equations},
 issn = {0022-0396},
 journal = {J. Differential Equations},
 mrclass = {35Q72 (34G20 73D35)},
 mrnumber = {1456598},
 mrreviewer = {Sergio Spagnolo},
 number = {2},
 pages = {273--301},
 title = {Global existence, decay, and blowup of solutions for some mildly degenerate nonlinear {K}irchhoff strings},
 url = {https://doi.org/10.1006/jdeq.1997.3263},
 volume = {137},
 year = {1997}
}
