@incollection{orantin:11:chain,
  author        = {Orantin, N.},
  booktitle     = {The {O}xford handbook of random matrix theory},
  mrclass       = {15B52 (60B20)},
  mrnumber      = {2932636},
  mrreviewer    = {Brad Safnuk},
  pages         = {329--352},
  publisher     = {Oxford Univ. Press, Oxford},
  title         = {Chain of matrices, loop equations, and topological recursion},
  year          = {2011}
}
