@inproceedings{orr:07:stability,
 author = {Orr, William M'F},
 booktitle = {Proceedings of the Royal Irish Academy. Section A: Mathematical and Physical Sciences},
 organization = {JSTOR},
 pages = {69--138},
 title = {The stability or instability of the steady motions of a perfect liquid and of a viscous liquid. Part II: A viscous liquid},
 volume = {27},
 year = {1907}
}
