@article{orrieri.scarpa:19:singular*2,
 author = {Orrieri, Carlo and Scarpa, Luca},
 doi = {10.1016/j.jde.2018.10.007},
 fjournal = {Journal of Differential Equations},
 issn = {0022-0396,1090-2732},
 journal = {J. Differential Equations},
 mrclass = {35R60 (35B25 35B30 35K55 60H15 80A22)},
 mrnumber = {3912729},
 mrreviewer = {Le\ Chen},
 number = {8},
 pages = {4624--4667},
 title = {Singular stochastic {A}llen-{C}ahn equations with dynamic boundary conditions},
 url = {https://doi.org/10.1016/j.jde.2018.10.007},
 volume = {266},
 year = {2019}
}
