@article{orsingher.beghin:04:time-fractional,
 author = {Orsingher, Enzo and Beghin, Luisa},
 doi = {10.1007/s00440-003-0309-8},
 fjournal = {Probability Theory and Related Fields},
 issn = {0178-8051},
 journal = {Probab. Theory Related Fields},
 mrclass = {60G15 (26A33 35L15)},
 mrnumber = {2027298},
 mrreviewer = {Wilfried Grecksch},
 number = {1},
 pages = {141--160},
 title = {Time-fractional telegraph equations and telegraph processes with {B}rownian time},
 url = {https://doi.org/10.1007/s00440-003-0309-8},
 volume = {128},
 year = {2004}
}
