@incollection{ortiz-lopez.sanz-sole:11:laplace,
  author        = {Ortiz-L\'{o}pez, V\'{i}ctor and Sanz-Sol\'{e}, Marta},
  booktitle     = {Stochastic analysis 2010},
  doi           = {10.1007/978-3-642-15358-7\_3},
  mrclass       = {60H15 (60F10)},
  mrnumber      = {2789078},
  pages         = {31--49},
  publisher     = {Springer, Heidelberg},
  title         = {A {L}aplace principle for a stochastic wave equation in spatial dimension three},
  url           = {https://doi.org/10.1007/978-3-642-15358-7\_3},
  year          = {2011}
}
