@article{osada.shirai:16:absolute,
 author = {Osada, Hirofumi and Shirai, Tomoyuki},
 doi = {10.1007/s00440-015-0644-6},
 fjournal = {Probability Theory and Related Fields},
 issn = {0178-8051},
 journal = {Probab. Theory Related Fields},
 mrclass = {60G30 (60B20 60G55 60K35 82B21)},
 mrnumber = {3520017},
 number = {3-4},
 pages = {725--770},
 title = {Absolute continuity and singularity of {P}alm measures of the {G}inibre point process},
 url = {https://doi.org/10.1007/s00440-015-0644-6},
 volume = {165},
 year = {2016}
}
