@article{osaki.yagi:01:finite,
 author = {Osaki, Koichi and Yagi, Atsushi},
 fjournal = {Funkcialaj Ekvacioj. Serio Internacia},
 issn = {0532-8721},
 journal = {Funkcial. Ekvac.},
 mrclass = {37L30 (35B41 35K57 92C17)},
 mrnumber = {1893940},
 mrreviewer = {Philippe Lauren\c{c}ot},
 number = {3},
 pages = {441--469},
 title = {Finite dimensional attractor for one-dimensional
{K}eller-{S}egel equations},
 url = {http://www.math.kobe-u.ac.jp/~fe/xml/mr1893940.xml},
 volume = {44},
 year = {2001}
}
