@article{osgood.phillips.ea:88:extremals,
 author = {Osgood, B. and Phillips, R. and Sarnak, P.},
 doi = {10.1016/0022-1236(88)90070-5},
 fjournal = {Journal of Functional Analysis},
 issn = {0022-1236},
 journal = {J. Funct. Anal.},
 mrclass = {58G25 (11F72 47F05 81E30)},
 mrnumber = {960228},
 mrreviewer = {Andreas Juhl},
 number = {1},
 pages = {148--211},
 title = {Extremals of determinants of {L}aplacians},
 url = {https://doi.org/10.1016/0022-1236(88)90070-5},
 volume = {80},
 year = {1988}
}
