@article{ostrowski:75:on,
  author        = {Ostrowski, A. M.},
  doi           = {10.1007/BF01836524},
  fjournal      = {Aequationes Mathematicae},
  issn          = {0001-9054},
  journal       = {Aequationes Math.},
  mrclass       = {12E99},
  mrnumber      = {399060},
  mrreviewer    = {W. Ledermann},
  number        = {3},
  pages         = {201--228},
  title         = {On multiplication and factorization of polynomials. {I}. {L}exicographic orderings and extreme aggregates of terms},
  url           = {https://doi.org/10.1007/BF01836524},
  volume        = {13},
  year          = {1975}
}
