@article{othmer.dunbar.ea:88:models,
  author        = {Othmer, H. G. and Dunbar, S. R. and Alt, W.},
  doi           = {10.1007/BF00277392},
  fjournal      = {Journal of Mathematical Biology},
  issn          = {0303-6812},
  journal       = {J. Math. Biol.},
  mrclass       = {92A17 (60J99 92A15)},
  mrnumber      = {949094},
  mrreviewer    = {Yubo Ge},
  number        = {3},
  pages         = {263--298},
  title         = {Models of dispersal in biological systems},
  url           = {https://doi.org/10.1007/BF00277392},
  volume        = {26},
  year          = {1988}
}
