@book{othmer.adler.ea:97:case,
  author        = {Othmer, H.G. and Adler, F.R. and Lewis, M.A. and Dallon, J.C.},
  isbn          = {9780135740392},
  lccn          = {96047909},
  publisher     = {Prentice Hall},
  series        = {A Pearson Education print on demand edition},
  title         = {Case Studies in Mathematical Modeling--ecology, Physiology, and Cell Biology},
  url           = {https://books.google.com/books?id=ueYUAQAAIAAJ},
  year          = {1997}
}
