@book{ouhabaz:05:analysis,
 author = {Ouhabaz, El Maati},
 isbn = {0-691-12016-1},
 mrclass = {35-02 (35J70 35K20 47D06 47D07 47F05)},
 mrnumber = {2124040},
 mrreviewer = {Sergey G. Pyatkov},
 pages = {xiv+284},
 publisher = {Princeton University Press, Princeton, NJ},
 series = {London Mathematical Society Monographs Series},
 title = {Analysis of heat equations on domains},
 volume = {31},
 year = {2005}
}
