@article{pal.sarantsev:19:note,
  author        = {Pal, Soumik and Sarantsev, Andrey},
  doi           = {10.1214/19-ECP223},
  fjournal      = {Electronic Communications in Probability},
  journal       = {Electron. Commun. Probab.},
  mrclass       = {60K35 (60H10 60J60 82C22)},
  mrnumber      = {3940196},
  pages         = {Paper No. 21, 11},
  title         = {A note on transportation cost inequalities for diffusions with reflections},
  url           = {https://doi.org/10.1214/19-ECP223},
  volume        = {24},
  year          = {2019}
}
