@article{pan.zhou:10:circular,
 author = {Pan, Guangming and Zhou, Wang},
 doi = {10.1016/j.jmva.2009.08.005},
 fjournal = {Journal of Multivariate Analysis},
 issn = {0047-259X},
 journal = {J. Multivariate Anal.},
 mrclass = {60B20 (15A18 31A10 60F10)},
 mrnumber = {2575411},
 number = {3},
 pages = {645--656},
 title = {Circular law, extreme singular values and potential
theory},
 url = {https://doi.org/10.1016/j.jmva.2009.08.005},
 volume = {101},
 year = {2010}
}
