@article{panchenko:05:question,
 author = {Panchenko, Dmitry},
 doi = {10.1214/ECP.v10-1145},
 fjournal = {Electronic Communications in Probability},
 issn = {1083-589X},
 journal = {Electron. Comm. Probab.},
 mrclass = {82B44 (60K40)},
 mrnumber = {2162815},
 mrreviewer = {Matthias Birkner},
 pages = {155--166},
 title = {A question about the {P}arisi functional},
 url = {https://doi.org/10.1214/ECP.v10-1145},
 volume = {10},
 year = {2005}
}
