@article{panchenko:13:parisi,
  author        = {Panchenko, Dmitry},
  doi           = {10.4007/annals.2013.177.1.8},
  fjournal      = {Annals of Mathematics. Second Series},
  issn          = {0003-486X},
  journal       = {Ann. of Math. (2)},
  mrclass       = {60G57 (82D30)},
  mrnumber      = {2999044},
  mrreviewer    = {Flora Koukiou},
  number        = {1},
  pages         = {383--393},
  title         = {The {P}arisi ultrametricity conjecture},
  url           = {https://doi.org/10.4007/annals.2013.177.1.8},
  volume        = {177},
  year          = {2013}
}
