@book{panchenko:13:sherrington-kirkpatrick,
 author = {Panchenko, Dmitry},
 doi = {10.1007/978-1-4614-6289-7},
 isbn = {978-1-4614-6288-0; 978-1-4614-6289-7},
 mrclass = {82-02 (82B44 82D30)},
 mrnumber = {3052333},
 mrreviewer = {Jos\'{e} Trashorras},
 pages = {xii+156},
 publisher = {Springer, New York},
 series = {Springer Monographs in Mathematics},
 title = {The {S}herrington-{K}irkpatrick model},
 url = {https://doi.org/10.1007/978-1-4614-6289-7},
 year = {2013}
}
