@article{panchenko:10:ghirlanda-guerra,
 author = {Panchenko, Dmitry},
 doi = {10.1016/j.crma.2010.02.004},
 fjournal = {Comptes Rendus Math\'{e}matique. Acad\'{e}mie des
Sciences. Paris},
 issn = {1631-073X},
 journal = {C. R. Math. Acad. Sci. Paris},
 mrclass = {82B20 (60K35)},
 mrnumber = {2600075},
 number = {3-4},
 pages = {189--192},
 title = {The {G}hirlanda-{G}uerra identities for mixed {$p$}-spin
model},
 url = {https://doi.org/10.1016/j.crma.2010.02.004},
 volume = {348},
 year = {2010}
}
