@article{panchenko:10:connection,
 author = {Panchenko, Dmitry},
 doi = {10.1214/09-AOP484},
 fjournal = {The Annals of Probability},
 issn = {0091-1798},
 journal = {Ann. Probab.},
 mrclass = {60K35 (60B20)},
 mrnumber = {2599202},
 mrreviewer = {Peter Eichelsbacher},
 number = {1},
 pages = {327--347},
 title = {A connection between the {G}hirlanda-{G}uerra identities and ultrametricity},
 url = {https://doi.org/10.1214/09-AOP484},
 volume = {38},
 year = {2010}
}
