@article{panloup.tindel.ea:20:general,
  author        = {Panloup, Fabien and Tindel, Samy and Varvenne, Maylis},
  doi           = {10.1214/20-EJS1685},
  fjournal      = {Electronic Journal of Statistics},
  journal       = {Electron. J. Stat.},
  mrclass       = {62M09 (60G22 60H10 62F12)},
  mrnumber      = {4068875},
  mrreviewer    = {Qidi Peng},
  number        = {1},
  pages         = {1075--1136},
  title         = {A general drift estimation procedure for stochastic differential equations with additive fractional noise},
  url           = {https://doi.org/10.1214/20-EJS1685},
  volume        = {14},
  year          = {2020}
}
