@article{papadimitriou.yannakakis:91:shortest,
 author = {Papadimitriou, Christos H and Yannakakis, Mihalis},
 journal = {Theoretical Computer Science},
 number = {1},
 pages = {127--150},
 publisher = {Elsevier},
 title = {Shortest paths without a map},
 volume = {84},
 year = {1991}
}
