@article{papadimitriou.yannakakis:91:shortest*1,
 author = {C. Papadimitriou and M. Yannakakis},
 journal = {Theoretical Computer Science},
 pages = {p.127--150},
 title = {Shortest paths without a map},
 volume = {84(1)},
 year = {1991}
}
