@incollection{papanicolaou.varadhan:81:boundary,
 author = {Papanicolaou, G. C. and Varadhan, S. R. S.},
 booktitle = {Random fields, {V}ol. {I}, {II} ({E}sztergom, 1979)},
 isbn = {0-444-85441-X},
 mrclass = {58G32 (35R60 60H10 82A05)},
 mrnumber = {712714},
 mrreviewer = {Jacques\ Vauthier},
 pages = {835--873},
 publisher = {North-Holland, Amsterdam-New York},
 series = {Colloq. Math. Soc. J\'anos Bolyai},
 title = {Boundary value problems with rapidly oscillating random
coefficients},
 volume = {27},
 year = {1981}
}
