@article{pardoux.protter:90:stochastic,
 author = {Pardoux, \'{E}tienne and Protter, Philip},
 fjournal = {The Annals of Probability},
 issn = {0091-1798},
 journal = {Ann. Probab.},
 mrclass = {60H20 (60H05 60H07)},
 mrnumber = {1071815},
 mrreviewer = {Daniel Ocone},
 number = {4},
 pages = {1635--1655},
 title = {Stochastic {V}olterra equations with anticipating
coefficients},
 url = {http://links.jstor.org/sici?sici=0091-1798(199010)18:4<1635:SVEWAC>2.0.CO;2-9&origin=MSN},
 volume = {18},
 year = {1990}
}
