@incollection{pardoux:75:equations,
 author = {Pardoux, E.},
 booktitle = {S\'{e}minaire sur les \'{E}quations aux {D}\'{e}riv\'{e}es {P}artielles (1974--1975), {III}},
 mrclass = {60H15 (35R99)},
 mrnumber = {0651582},
 pages = {Exp. No. 2, 10},
 publisher = {Coll\`ege de France, Paris},
 title = {\'{E}quations aux d\'{e}riv\'{e}es partielles stochastiques de type monotone},
 year = {1975}
}
