@article{pardoux.zeitouni:04:quenched,
 author = {Pardoux, \'{E}tienne and Zeitouni, Ofer},
 doi = {10.1137/S0363012903365032},
 fjournal = {SIAM Journal on Control and Optimization},
 issn = {0363-0129,1095-7138},
 journal = {SIAM J. Control Optim.},
 mrclass = {60F10 (93E11)},
 mrnumber = {2124273},
 mrreviewer = {Zhongmin\ Qian},
 number = {4},
 pages = {1272--1297},
 title = {Quenched large deviations for one dimensional nonlinear
filtering},
 url = {https://doi.org/10.1137/S0363012903365032},
 volume = {43},
 year = {2004/05}
}
