@article{pardoux.peng:94:backward,
 author = {Pardoux, \'{E}tienne and Peng, Shi Ge},
 doi = {10.1007/BF01192514},
 fjournal = {Probability Theory and Related Fields},
 issn = {0178-8051},
 journal = {Probab. Theory Related Fields},
 mrclass = {60H10 (60H15)},
 mrnumber = {1258986},
 mrreviewer = {Daniel Ocone},
 number = {2},
 pages = {209--227},
 title = {Backward doubly stochastic differential equations and
systems of quasilinear {SPDE}s},
 url = {https://doi.org/10.1007/BF01192514},
 volume = {98},
 year = {1994}
}
