@book{pardoux:21:stochastic,
 author = {Pardoux, \'{E}tienne},
 doi = {10.1007/978-3-030-89003-2},
 isbn = {978-3-030-89002-5; 978-3-030-89003-2},
 mrclass = {60-01 (35R60 60G35 60H07 60H15 60J68)},
 mrnumber = {4385528},
 pages = {viii+74},
 publisher = {Springer, Cham},
 series = {SpringerBriefs in Mathematics},
 title = {Stochastic partial differential equations---an
introduction},
 url = {https://doi.org/10.1007/978-3-030-89003-2},
 year = {[2021] \copyright 2021}
}
