@article{pardoux:93:stochastic,
 author = {Pardoux, \'{E}.},
 fjournal = {Bulletin des Sciences Math\'{e}matiques},
 issn = {0007-4497},
 journal = {Bull. Sci. Math.},
 mrclass = {60H15},
 mrnumber = {1205410},
 mrreviewer = {Constantin Tudor},
 number = {1},
 pages = {29--47},
 title = {Stochastic partial differential equations, a review},
 volume = {117},
 year = {1993}
}
