@incollection{paris:10:incomplete,
  author        = {Paris, R. B.},
  booktitle     = {N{IST} handbook of mathematical functions},
  mrclass       = {33B20},
  mrnumber      = {2655348},
  pages         = {175--192},
  publisher     = {U.S. Dept. Commerce, Washington, DC},
  title         = {Incomplete gamma and related functions},
  year          = {2010}
}
