@incollection{paris:10:struve,
  author        = {Paris, R. B.},
  booktitle     = {N{IST} handbook of mathematical functions},
  mrclass       = {33C10 (33E20)},
  mrnumber      = {2655351},
  pages         = {287--301},
  publisher     = {U.S. Dept. Commerce, Washington, DC},
  title         = {Struve and related functions},
  year          = {2010}
}
