@article{parisi.wu:81:perturbation,
  author        = {Parisi, G. and Wu, Yong Shi},
  fjournal      = {Scientia Sinica. Zhongguo Kexue},
  issn          = {0582-236x},
  journal       = {Sci. Sinica},
  mrclass       = {81E99},
  mrnumber      = {626795},
  number        = {4},
  pages         = {483--496},
  title         = {Perturbation theory without gauge fixing},
  volume        = {24},
  year          = {1981}
}
