@article{parnell.borio.ea:08:scientists,
  author        = {Parnell, Gregory S and Borio, Luciana L and Brown, Gerald G and Banks, David and Wilson, Alyson G},
  journal       = {Biosecurity and Bioterrorism},
  number        = {4},
  pages         = {353--356},
  publisher     = {Mary Ann Liebert, Inc. 2 Madison Avenue Larchmont, NY 10538 USA},
  title         = {Scientists urge {DHS} to improve bioterrorism risk assessment},
  volume        = {6},
  year          = {2008}
}
