@article{parthasarathy.ranga-rao.ea:63:probability,
  author        = {Parthasarathy, K. R. and Ranga Rao, R. and Varadhan, S. R. S.},
  fjournal      = {Illinois Journal of Mathematics},
  issn          = {0019-2082},
  journal       = {Illinois J. Math.},
  mrclass       = {60.08},
  mrnumber      = {190968},
  mrreviewer    = {D.\ Sz\'asz},
  pages         = {337--369},
  title         = {Probability distributions on locally compact abelian groups},
  url           = {http://projecteuclid.org/euclid.ijm/1255644642},
  volume        = {7},
  year          = {1963}
}
