@book{parthasarathy:05:probability,
  author        = {Parthasarathy, K. R.},
  doi           = {10.1090/chel/352},
  isbn          = {0-8218-3889-X},
  mrclass       = {60-02 (28A33 28C15 60B05 60B10 60B11 60B15)},
  mrnumber      = {2169627},
  note          = {Reprint of the 1967 original},
  pages         = {xii+276},
  publisher     = {AMS Chelsea Publishing, Providence, RI},
  title         = {Probability measures on metric spaces},
  url           = {https://doi.org/10.1090/chel/352},
  year          = {2005}
}
