@article{pastur:72:spectrum,
 author = {Pastur, L. A.},
 fjournal = {Akademiya Nauk SSSR. Teoreticheskaya i Matematicheskaya Fizika},
 issn = {0564-6162},
 journal = {Teoret. Mat. Fiz.},
 mrclass = {81.60},
 mrnumber = {475502},
 number = {1},
 pages = {102--112},
 title = {The spectrum of random matrices},
 volume = {10},
 year = {1972}
}
