@article{pastur.shcherbina:91:absence,
 author = {Pastur, L. A. and Shcherbina, M. V.},
 doi = {10.1007/BF01020856},
 fjournal = {Journal of Statistical Physics},
 issn = {0022-4715},
 journal = {J. Statist. Phys.},
 mrclass = {82B44 (82D30)},
 mrnumber = {1105253},
 mrreviewer = {Klaus Ziegler},
 number = {1-2},
 pages = {1--19},
 title = {Absence of self-averaging of the order parameter in the
{S}herrington-{K}irkpatrick model},
 url = {https://doi.org/10.1007/BF01020856},
 volume = {62},
 year = {1991}
}
