@article{paul:07:asymptotics,
 author = {Paul, Debashis},
 fjournal = {Statistica Sinica},
 issn = {1017-0405},
 journal = {Statist. Sinica},
 mrclass = {62H20 (15A18)},
 mrnumber = {2399865},
 mrreviewer = {Anouar Ben Mabrouk},
 number = {4},
 pages = {1617--1642},
 title = {Asymptotics of sample eigenstructure for a large
dimensional spiked covariance model},
 volume = {17},
 year = {2007}
}
