@article{paulin:15:concentration,
 author = {Paulin, Daniel},
 doi = {10.1214/EJP.v20-4039},
 fjournal = {Electronic Journal of Probability},
 journal = {Electron. J. Probab.},
 mrclass = {60J05 (60E15 60J10)},
 mrnumber = {3383563},
 mrreviewer = {Ramon van Handel},
 pages = {no. 79, 32},
 title = {Concentration inequalities for {M}arkov chains by {M}arton
couplings and spectral methods},
 url = {https://doi.org/10.1214/EJP.v20-4039},
 volume = {20},
 year = {2015}
}
