@article{payne.song:10:blow-up,
  author        = {Payne, L. E. and Song, J. C.},
  doi           = {10.1016/j.jmaa.2009.11.025},
  fjournal      = {Journal of Mathematical Analysis and Applications},
  issn          = {0022-247X},
  journal       = {J. Math. Anal. Appl.},
  mrclass       = {35K51 (35A01 35B44 92C17)},
  mrnumber      = {2600372},
  number        = {1},
  pages         = {1--6},
  title         = {Blow-up and decay criteria for a model of chemotaxis},
  url           = {https://doi.org/10.1016/j.jmaa.2009.11.025},
  volume        = {367},
  year          = {2010}
}
