@book{pazy:83:semigroups,
  author        = {Pazy, A.},
  doi           = {10.1007/978-1-4612-5561-1},
  isbn          = {0-387-90845-5},
  mrclass       = {47D05 (34Gxx 35Fxx 35Gxx 47H20)},
  mrnumber      = {710486},
  mrreviewer    = {H. O. Fattorini},
  pages         = {viii+279},
  publisher     = {Springer-Verlag, New York},
  series        = {Applied Mathematical Sciences},
  title         = {Semigroups of linear operators and applications to partial differential equations},
  url           = {https://doi.org/10.1007/978-1-4612-5561-1},
  volume        = {44},
  year          = {1983}
}
