@incollection{peccati.tudor:05:gaussian,
  author        = {Peccati, Giovanni and Tudor, Ciprian A.},
  booktitle     = {S\'eminaire de {P}robabilit\'es {XXXVIII}},
  doi           = {10.1007/978-3-540-31449-3\_17},
  isbn          = {3-540-23973-1},
  mrclass       = {60H05},
  mrnumber      = {2126978},
  mrreviewer    = {David\ Nualart},
  pages         = {247--262},
  publisher     = {Springer, Berlin},
  series        = {Lecture Notes in Math.},
  title         = {Gaussian limits for vector-valued multiple stochastic integrals},
  url           = {https://doi.org/10.1007/978-3-540-31449-3\_17},
  volume        = {1857},
  year          = {2005}
}
