@article{pechenik.levine:99:interfacial,
  author        = {Pechenik, Leonid and Levine, Herbert},
  doi           = {10.1103/PhysRevE.59.3893},
  issue         = {4},
  journal       = {Phys. Rev. E},
  month         = {Apr},
  numpages      = {0},
  pages         = {3893--3900},
  publisher     = {American Physical Society},
  title         = {Interfacial velocity corrections due to multiplicative noise},
  url           = {https://link.aps.org/doi/10.1103/PhysRevE.59.3893},
  volume        = {59},
  year          = {1999}
}
