@article{peled.sen.ea:16:double,
  author        = {Peled, Ron and Sen, Arnab and Zeitouni, Ofer},
  doi           = {10.1007/s11856-016-1328-3},
  fjournal      = {Israel Journal of Mathematics},
  issn          = {0021-2172,1565-8511},
  journal       = {Israel J. Math.},
  mrclass       = {60G99 (05E05 11C08)},
  mrnumber      = {3509468},
  mrreviewer    = {Nizar\ Demni},
  number        = {1},
  pages         = {55--77},
  title         = {Double roots of random {L}ittlewood polynomials},
  url           = {https://doi.org/10.1007/s11856-016-1328-3},
  volume        = {213},
  year          = {2016}
}
