@article{pelissetto.vicari:02:critical,
 author = {Pelissetto, Andrea and Vicari, Ettore},
 doi = {10.1016/S0370-1573(02)00219-3},
 fjournal = {Physics Reports. A Review Section of Physics Letters},
 issn = {0370-1573},
 journal = {Phys. Rep.},
 mrclass = {82B28 (82-02 82B20 82B27)},
 mrnumber = {1931748},
 number = {6},
 pages = {549--727},
 title = {Critical phenomena and renormalization-group theory},
 url = {https://doi.org/10.1016/S0370-1573(02)00219-3},
 volume = {368},
 year = {2002}
}
