@incollection{pemantle.peres:94:planar,
  author        = {Pemantle, R. and Peres, Y.},
  booktitle     = {Probability and phase transition ({C}ambridge, 1993)},
  doi           = {10.1007/978-94-015-8326-8\_16},
  mrclass       = {60K35 (82B43)},
  mrnumber      = {1283187},
  mrreviewer    = {Rahul Roy},
  pages         = {261--264},
  publisher     = {Kluwer Acad. Publ., Dordrecht},
  series        = {NATO Adv. Sci. Inst. Ser. C: Math. Phys. Sci.},
  title         = {Planar first-passage percolation times are not tight},
  url           = {https://doi.org/10.1007/978-94-015-8326-8\_16},
  volume        = {420},
  year          = {1994}
}
