@article{peng.buldyrev.ea:92:long-range,
 author = {Peng, C.-K. and Buldyrev, S. V. and Goldberger, A. L. and
Havlin, S. and Sciortino, F. and Simons, M. and Stanley, H.
E.},
 day = {01},
 doi = {10.1038/356168a0},
 issn = {1476-4687},
 journal = {Nature},
 month = {Mar},
 number = {6365},
 pages = {168--170},
 title = {Long-range correlations in nucleotide sequences},
 url = {https://doi.org/10.1038/356168a0},
 volume = {356},
 year = {1992}
}
