@article{peres.zeitouni:08:central,
  author        = {Peres, Yuval and Zeitouni, Ofer},
  doi           = {10.1007/s00440-007-0077-y},
  fjournal      = {Probability Theory and Related Fields},
  issn          = {0178-8051},
  journal       = {Probab. Theory Related Fields},
  mrclass       = {60K37 (60F05 60J80)},
  mrnumber      = {2365486},
  mrreviewer    = {Serguei Popov},
  number        = {3-4},
  pages         = {595--629},
  title         = {A central limit theorem for biased random walks on {G}alton-{W}atson trees},
  url           = {https://doi.org/10.1007/s00440-007-0077-y},
  volume        = {140},
  year          = {2008}
}
