@article{peres.virag:05:zeros,
 author = {Peres, Yuval and Vir\'{a}g, B\'{a}lint},
 doi = {10.1007/BF02392515},
 fjournal = {Acta Mathematica},
 issn = {0001-5962},
 journal = {Acta Math.},
 mrclass = {60G99 (60G15)},
 mrnumber = {2231337},
 mrreviewer = {Tomohiro Sasamoto},
 number = {1},
 pages = {1--35},
 title = {Zeros of the i.i.d. {G}aussian power series: a conformally
invariant determinantal process},
 url = {https://doi.org/10.1007/BF02392515},
 volume = {194},
 year = {2005}
}
