@book{perko:01:differential,
  author        = {Perko, Lawrence},
  doi           = {10.1007/978-1-4613-0003-8},
  edition       = {Third},
  isbn          = {0-387-95116-4},
  mrclass       = {34-01 (34Cxx 37-01 37C10)},
  mrnumber      = {1801796},
  mrreviewer    = {Vladimir Sh. Burd},
  pages         = {xiv+553},
  publisher     = {Springer-Verlag, New York},
  series        = {Texts in Applied Mathematics},
  title         = {Differential equations and dynamical systems},
  url           = {https://doi.org/10.1007/978-1-4613-0003-8},
  volume        = {7},
  year          = {2001}
}
