@incollection{perkins:82:local,
 author = {Perkins, Edwin},
 booktitle = {Seminar on {P}robability, {XVI}},
 mrclass = {60H10},
 mrnumber = {658680},
 mrreviewer = {Toshio Yamada},
 pages = {201--208},
 publisher = {Springer, Berlin-New York},
 series = {Lecture Notes in Math.},
 title = {Local time and pathwise uniqueness for stochastic
differential equations},
 volume = {920},
 year = {1982}
}
