@book{perkins.lach:11:viscoelasticity,
  author        = {Perkins, Jennifer N. and Lach, Tyler M.},
  publisher     = {Nova Science Publishers},
  series        = {Materials science and technologies series},
  title         = {Viscoelasticity : theories, types and models},
  url           = {https://cir.nii.ac.jp/crid/1130282268654343936},
  year          = {2011}
}
