@article{peszat:92:equivalence,
  author        = {Peszat, S.},
  fjournal      = {Probability and Mathematical Statistics},
  issn          = {0208-4147,2300-8113},
  journal       = {Probab. Math. Statist.},
  mrclass       = {60G30 (60H10)},
  mrnumber      = {1199784},
  mrreviewer    = {Yu.\ M.\ Kabanov},
  number        = {1},
  pages         = {7--17},
  title         = {Equivalence of distributions of some {O}rnstein-{U}hlenbeck processes taking values in {H}ilbert space},
  volume        = {13},
  year          = {1992}
}
