@article{peszat.twardowska.ea:21:ergodicity,
 author = {Peszat, Szymon and Twardowska, Krystyna and Zabczyk,
Jerzy},
 fjournal = {Journal of Stochastic Analysis. JOSA},
 journal = {J. Stoch. Anal.},
 mrclass = {60H15 (35Q35 60J35)},
 mrnumber = {4304481},
 number = {3},
 pages = {Art. 10, 16},
 title = {Ergodicity of {B}urgers' system},
 volume = {2},
 year = {2021}
}
