@article{peszat.zawisza:21:investor,
  author        = {Peszat, Szymon and Zawisza, Dariusz},
  doi           = {10.4064/ap210429-12-11},
  fjournal      = {Annales Polonici Mathematici},
  issn          = {0066-2216,1730-6272},
  journal       = {Ann. Polon. Math.},
  mrclass       = {91G10 (60H30 91G30 93E20)},
  mrnumber      = {4358442},
  mrreviewer    = {Hyeng\ Keun\ Koo},
  number        = {3},
  pages         = {241--269},
  title         = {The investor problem based on the {HJM} model},
  url           = {https://doi.org/10.4064/ap210429-12-11},
  volume        = {127},
  year          = {2021}
}
