@incollection{peszat:02:spdes,
  author        = {Peszat, Szymon},
  booktitle     = {Stochastic partial differential equations and applications ({T}rento, 2002)},
  isbn          = {0-8247-0792-3},
  mrclass       = {60H15 (60J65)},
  mrnumber      = {1919521},
  pages         = {417--427},
  publisher     = {Dekker, New York},
  series        = {Lecture Notes in Pure and Appl. Math.},
  title         = {S{PDE}s driven by a homogeneous {W}iener process},
  volume        = {227},
  year          = {2002}
}
