@article{peszat:95:existence,
 author = {Peszat, Szymon},
 fjournal = {Stochastics and Stochastics Reports},
 issn = {1045-1129},
 journal = {Stochastics Stochastics Rep.},
 mrclass = {60H15 (34F05 34G20 35R60)},
 mrnumber = {1378855},
 mrreviewer = {Jan\ I.\ Seidler},
 number = {3-4},
 pages = {167--193},
 title = {Existence and uniqueness of the solution for stochastic
equations on {B}anach spaces},
 volume = {55},
 year = {1995}
}
