@article{peszat.zabczyk:00:nonlinear,
  author        = {Peszat, Szymon and Zabczyk, Jerzy},
  doi           = {10.1007/s004400050257},
  fjournal      = {Probability Theory and Related Fields},
  issn          = {0178-8051},
  journal       = {Probab. Theory Related Fields},
  mrclass       = {60H15 (35R60 60G60)},
  mrnumber      = {1749283},
  mrreviewer    = {Marta Sanz Sol\'{e}},
  number        = {3},
  pages         = {421--443},
  title         = {Nonlinear stochastic wave and heat equations},
  url           = {https://doi.org/10.1007/s004400050257},
  volume        = {116},
  year          = {2000}
}
