@article{peszat:92:exponential,
  author        = {Peszat, Szymon},
  fjournal      = {Polish Academy of Sciences. Bulletin. Mathematics},
  issn          = {0239-7269},
  journal       = {Bull. Polish Acad. Sci. Math.},
  mrclass       = {60H15 (60B11 60F10 60H10)},
  mrnumber      = {1402320},
  number        = {4},
  pages         = {323--333},
  title         = {Exponential tail estimates for infinite-dimensional stochastic convolutions},
  volume        = {40},
  year          = {1992}
}
