@incollection{peszat:96:sobolev,
 author = {Peszat, Szymon},
 booktitle = {Stochastic processes and related topics ({S}iegmundsberg,
1994)},
 isbn = {2-88449-069-8},
 mrclass = {46E50 (28C20 46E35 46G12)},
 mrnumber = {1393500},
 mrreviewer = {David\ Nualart},
 pages = {103--116},
 publisher = {Gordon and Breach, Yverdon},
 series = {Stochastics Monogr.},
 title = {Sobolev spaces of functions on an infinite-dimensional
domain},
 volume = {10},
 year = {1996}
}
