@article{peterson.seppalainen:10:current,
 author = {Peterson, Jonathon and Sepp\"{a}l\"{a}inen, Timo},
 doi = {10.1214/10-AOP537},
 fjournal = {The Annals of Probability},
 issn = {0091-1798},
 journal = {Ann. Probab.},
 mrclass = {60K37 (60K35)},
 mrnumber = {2683630},
 mrreviewer = {Marcel Ortgiese},
 number = {6},
 pages = {2258--2294},
 title = {Current fluctuations of a system of one-dimensional random walks in random environment},
 url = {https://doi.org/10.1214/10-AOP537},
 volume = {38},
 year = {2010}
}
