@book{petrov:75:sums,
 author = {Petrov, V. V.},
 mrclass = {60FXX (60GXX)},
 mrnumber = {388499},
 note = {Translated from the Russian by A. A. Brown},
 pages = {x+346},
 publisher = {Springer-Verlag, New York-Heidelberg},
 series = {Ergebnisse der Mathematik und ihrer Grenzgebiete [Results
in Mathematics and Related Areas], Band 82},
 title = {Sums of independent random variables},
 year = {1975}
}
