@article{petters.rider.ea:09:mathematical*1,
  author        = {Petters, A. O. and Rider, B. and Teguia, A. M.},
  doi           = {10.1063/1.3158854},
  fjournal      = {Journal of Mathematical Physics},
  issn          = {0022-2488},
  journal       = {J. Math. Phys.},
  mrclass       = {85A40},
  mrnumber      = {2548625},
  number        = {7},
  pages         = {072503, 22},
  title         = {A mathematical theory of stochastic microlensing. {I}. {R}andom time delay functions and lensing maps},
  url           = {https://doi.org/10.1063/1.3158854},
  volume        = {50},
  year          = {2009}
}
