@article{petters.rider.ea:09:mathematical,
  author        = {Petters, A. O. and Rider, B. and Teguia, A. M.},
  doi           = {10.1063/1.3267859},
  fjournal      = {Journal of Mathematical Physics},
  issn          = {0022-2488},
  journal       = {J. Math. Phys.},
  mrclass       = {85A40 (60G60 62M40)},
  mrnumber      = {2582583},
  mrreviewer    = {D. R. J. Chillingworth},
  number        = {12},
  pages         = {122501, 17},
  title         = {A mathematical theory of stochastic microlensing. {II}. {R}andom images, shear, and the {K}ac-{R}ice formula},
  url           = {https://doi.org/10.1063/1.3267859},
  volume        = {50},
  year          = {2009}
}
