@article{phillips:87:existence,
 author = {Phillips, Daniel},
 doi = {10.1080/00036818708839668},
 fjournal = {Applicable Analysis. An International Journal},
 issn = {0003-6811},
 journal = {Appl. Anal.},
 mrclass = {35K57},
 mrnumber = {907341},
 mrreviewer = {Long-Yi Tsai},
 number = {4},
 pages = {253--264},
 title = {Existence of solutions of quenching problems},
 url = {https://doi.org/10.1080/00036818708839668},
 volume = {24},
 year = {1987}
}
