@article{pimentel:22:integration,
  author        = {Pimentel, Leandro P. R.},
  doi           = {10.1214/22-aop1564},
  fjournal      = {The Annals of Probability},
  issn          = {0091-1798,2168-894X},
  journal       = {Ann. Probab.},
  mrclass       = {60K35 (60F99 60H07 82C22 82D60)},
  mrnumber      = {4474501},
  number        = {5},
  pages         = {1755--1780},
  title         = {Integration by parts and the {KPZ} two-point function},
  url           = {https://doi.org/10.1214/22-aop1564},
  volume        = {50},
  year          = {2022}
}
