@article{pimentel:13:on,
  author        = {Pimentel, Leandro P. R.},
  doi           = {10.1214/11-BJPS150},
  fjournal      = {Brazilian Journal of Probability and Statistics},
  issn          = {0103-0752,2317-6199},
  journal       = {Braz. J. Probab. Stat.},
  mrclass       = {60D05 (52C22 60K35)},
  mrnumber      = {2991778},
  number        = {1},
  pages         = {54--69},
  title         = {On some fundamental aspects of polyominoes on random {V}oronoi tilings},
  url           = {https://doi.org/10.1214/11-BJPS150},
  volume        = {27},
  year          = {2013}
}
