@article{pimentel:06:time,
  author        = {Pimentel, Leandro P. R.},
  doi           = {10.1214/ECP.v11-1210},
  fjournal      = {Electronic Communications in Probability},
  issn          = {1083-589X},
  journal       = {Electron. Comm. Probab.},
  mrclass       = {60K35 (05C80 60G55)},
  mrnumber      = {2240709},
  mrreviewer    = {Tony\ Leli\`evre},
  pages         = {160--167},
  title         = {The time constant and critical probabilities in percolation models},
  url           = {https://doi.org/10.1214/ECP.v11-1210},
  volume        = {11},
  year          = {2006}
}
