@article{pimentel:21:ergodicity,
  author        = {Pimentel, Leandro P. R.},
  doi           = {10.30757/ALEA.v18-35},
  fjournal      = {ALEA. Latin American Journal of Probability and Mathematical Statistics},
  issn          = {1980-0436},
  journal       = {ALEA Lat. Am. J. Probab. Math. Stat.},
  mrclass       = {60K35 (82C22)},
  mrnumber      = {4243522},
  number        = {1},
  pages         = {963--983},
  title         = {Ergodicity of the {KPZ} fixed point},
  url           = {https://doi.org/10.30757/ALEA.v18-35},
  volume        = {18},
  year          = {2021}
}
