@article{pipiras.taqqu:01:are,
 author = {Pipiras, Vladas and Taqqu, Murad S.},
 doi = {10.2307/3318624},
 fjournal = {Bernoulli. Official Journal of the Bernoulli Society for Mathematical Statistics and Probability},
 issn = {1350-7265},
 journal = {Bernoulli},
 mrclass = {60J65},
 mrnumber = {1873833},
 mrreviewer = {Olivier Raimond},
 number = {6},
 pages = {873--897},
 title = {Are classes of deterministic integrands for fractional {B}rownian motion on an interval complete?},
 url = {https://doi.org/10.2307/3318624},
 volume = {7},
 year = {2001}
}
