@article{piterbarg:86:structure,
 author = {Piterbarg, L. I.},
 fjournal = {Akademiya Nauk SSSR. Teoriya Veroyatnosteu{i} i ee Primeneniya},
 issn = {0040-361X},
 journal = {Teor. Veroyatnost. i Primenen.},
 mrclass = {60G15},
 mrnumber = {866874},
 mrreviewer = {S. V. Khrushch\"{e}v},
 number = {3},
 pages = {550--559},
 title = {The structure of the infinitesimal {$\sigma$}-algebra of {G}aussian processes and fields},
 volume = {31},
 year = {1986}
}
