@article{pitman.yor:82:decomposition,
 author = {Pitman, Jim and Yor, Marc},
 doi = {10.1007/BF00532802},
 fjournal = {Zeitschrift f\"{u}r Wahrscheinlichkeitstheorie und
Verwandte Gebiete},
 issn = {0044-3719},
 journal = {Z. Wahrsch. Verw. Gebiete},
 mrclass = {60J60 (60J55)},
 mrnumber = {656509},
 mrreviewer = {Joan E. Walsh},
 number = {4},
 pages = {425--457},
 title = {A decomposition of {B}essel bridges},
 url = {https://doi.org/10.1007/BF00532802},
 volume = {59},
 year = {1982}
}
