@article{pitt:73:some,
 author = {Pitt, Loren D.},
 doi = {10.1512/iumj.1973.23.23028},
 fjournal = {Indiana University Mathematics Journal},
 issn = {0022-2518},
 journal = {Indiana Univ. Math. J.},
 mrclass = {60G10},
 mrnumber = {319254},
 mrreviewer = {H. P. McKean, Jr.},
 pages = {343--365},
 title = {Some problems in the spectral theory of stationary
processes on {$R^{d}$}},
 url = {https://doi.org/10.1512/iumj.1973.23.23028},
 volume = {23},
 year = {1973}
}
