@incollection{pitt.robeva:94:on,
 author = {Pitt, L. D. and Robeva, R. S.},
 booktitle = {Stochastic analysis on infinite-dimensional spaces ({B}aton {R}ouge, {LA}, 1994)},
 mrclass = {60G60 (60G15 60H15)},
 mrnumber = {1415673},
 mrreviewer = {Robert C. Dalang},
 pages = {242--254},
 publisher = {Longman Sci. Tech., Harlow},
 series = {Pitman Res. Notes Math. Ser.},
 title = {On the sharp {M}arkov property for the {W}hittle field in {$2$}-dimensions},
 volume = {310},
 year = {1994}
}
