@article{pitt:78:local,
  author        = {Pitt, Loren D.},
  doi           = {10.1512/iumj.1978.27.27024},
  fjournal      = {Indiana University Mathematics Journal},
  issn          = {0022-2518},
  journal       = {Indiana Univ. Math. J.},
  mrclass       = {60G15 (60G17)},
  mrnumber      = {471055},
  mrreviewer    = {Simeon M. Berman},
  number        = {2},
  pages         = {309--330},
  title         = {Local times for {G}aussian vector fields},
  url           = {https://doi.org/10.1512/iumj.1978.27.27024},
  volume        = {27},
  year          = {1978}
}
