@article{plischke.racz:85:dynamic,
  author        = {Plischke, Michael and R\'acz, Zolt\'an},
  doi           = {10.1103/PhysRevA.32.3825},
  issue         = {6},
  journal       = {Phys. Rev. A},
  month         = {Dec},
  numpages      = {0},
  pages         = {3825--3828},
  publisher     = {American Physical Society},
  title         = {Dynamic scaling and the surface structure of Eden clusters},
  url           = {https://link.aps.org/doi/10.1103/PhysRevA.32.3825},
  volume        = {32},
  year          = {1985}
}
