@phdthesis{polat:17:optimal,
  address       = {Istanbul, Turkey},
  author        = {Polat, Charyyev},
  school        = {Ko\c{c} University},
  title         = {The Optimal Obstacle Placement With Disambiguation Problem},
  year          = {2017}
}
