@book{polivanov:77:metody-sovremennou-i-matematicheskou-i-fiziki--1--funktsional-i-analiz,
 author = {Polivanov, M. K.},
 mrclass = {47-02 (81.47)},
 mrnumber = {493422},
 note = {Translated from the English by A. K. Pogrebkov and V. N.
Su\v sko, With a preface by N. N. Bogoljubov},
 pages = {357},
 publisher = {Izdat. ``Mir'', Moscow},
 title = {{\cyr Metody sovremennou i matematicheskou i fiziki. 1:
Funktsional\cprimenyu i analiz}},
 year = {1977}
}
