@book{polya.szego:70:aufgaben,
  author        = {P\'{o}lya, Georg and Szeg\H{o}, G\'{a}bor},
  mrclass       = {26.00},
  mrnumber      = {0271277},
  note          = {Vierte Auflage},
  pages         = {xvi+338},
  publisher     = {Springer-Verlag, Berlin-New York},
  series        = {Heidelberger Taschenb\"{u}cher, Band 73},
  title         = {Aufgaben und {L}ehrs\"{a}tze aus der {A}nalysis. {B}and {I}: {R}eihen, {I}ntegralrechnung, {F}unktionentheorie},
  year          = {1970}
}
