@book{pommerenke:92:boundary,
  author        = {Pommerenke, Ch.},
  doi           = {10.1007/978-3-662-02770-7},
  isbn          = {3-540-54751-7},
  mrclass       = {30C35 (42B99)},
  mrnumber      = {1217706},
  mrreviewer    = {Albert Baernstein, II},
  pages         = {x+300},
  publisher     = {Springer-Verlag, Berlin},
  series        = {Grundlehren der mathematischen Wissenschaften [Fundamental Principles of Mathematical Sciences]},
  title         = {Boundary behaviour of conformal maps},
  url           = {https://doi.org/10.1007/978-3-662-02770-7},
  volume        = {299},
  year          = {1992}
}
