@article{powell:19:unified,
  author        = {Powell, Warren B},
  journal       = {European Journal of Operational Research},
  number        = {3},
  pages         = {795--821},
  publisher     = {Elsevier},
  title         = {A unified framework for stochastic optimization},
  volume        = {275},
  year          = {2019}
}
