@book{prakasa-rao:12:associated,
 author = {Prakasa Rao, B. L. S.},
 doi = {10.1007/978-3-0348-0240-6},
 isbn = {978-3-0348-0239-0; 978-3-0348-0240-6},
 mrclass = {60G48 (60G42 62G05 62G10)},
 mrnumber = {3025761},
 mrreviewer = {Tasos C. Christofides},
 pages = {xii+272},
 publisher = {Birkh\"{a}user/Springer, Basel},
 series = {Probability and its Applications},
 title = {Associated sequences, demimartingales and nonparametric
inference},
 url = {https://doi.org/10.1007/978-3-0348-0240-6},
 year = {2012}
}
