@article{priola.zabczyk:04:liouville,
  author        = {Priola, Enrico and Zabczyk, Jerzy},
  doi           = {10.1016/j.jfa.2004.04.001},
  fjournal      = {Journal of Functional Analysis},
  issn          = {0022-1236},
  journal       = {J. Funct. Anal.},
  mrclass       = {35S05 (31B05 47D07 60H10 60H20 60H30 60J75)},
  mrnumber      = {2095690},
  mrreviewer    = {Niels Jacob},
  number        = {2},
  pages         = {455--490},
  title         = {Liouville theorems for non-local operators},
  url           = {https://doi.org/10.1016/j.jfa.2004.04.001},
  volume        = {216},
  year          = {2004}
}
