@article{priola.shirikyan.ea:12:exponential,
  author        = {Priola, Enrico and Shirikyan, Armen and Xu, Lihu and Zabczyk, Jerzy},
  doi           = {10.1016/j.spa.2011.10.003},
  fjournal      = {Stochastic Processes and their Applications},
  issn          = {0304-4149},
  journal       = {Stochastic Process. Appl.},
  mrclass       = {60H15 (35R60 47D07 60J35 60J75)},
  mrnumber      = {2860444},
  mrreviewer    = {Alp O. Eden},
  number        = {1},
  pages         = {106--133},
  title         = {Exponential ergodicity and regularity for equations with {L}\'{e}vy noise},
  url           = {https://doi.org/10.1016/j.spa.2011.10.003},
  volume        = {122},
  year          = {2012}
}
