@article{pritchard.zabczyk:81:stability,
 author = {Pritchard, A. J. and Zabczyk, J.},
 doi = {10.1137/1023003},
 fjournal = {SIAM Review. A Publication of the Society for Industrial
and Applied Mathematics},
 issn = {0036-1445},
 journal = {SIAM Rev.},
 mrclass = {93D20},
 mrnumber = {605439},
 number = {1},
 pages = {25--52},
 title = {Stability and stabilizability of infinite-dimensional
systems},
 url = {https://doi.org/10.1137/1023003},
 volume = {23},
 year = {1981}
}
