@article{prolhac.spohn:11:one-dimensional,
 author = {Prolhac, Sylvain and Spohn, Herbert},
 doi = {10.1088/1742-5468/2011/03/p03020},
 fjournal = {Journal of Statistical Mechanics: Theory and Experiment},
 journal = {J. Stat. Mech. Theory Exp.},
 mrclass = {82C23 (60B20 60J65 82C44)},
 mrnumber = {2801168},
 mrreviewer = {Florent Benaych-Georges},
 number = {3},
 pages = {P03020, 15},
 title = {The one-dimensional {KPZ} equation and the {A}iry process},
 url = {https://doi.org/10.1088/1742-5468/2011/03/p03020},
 year = {2011}
}
