@article{pronk.veraar:14:tools,
  author        = {Pronk, Matthijs and Veraar, Mark},
  doi           = {10.1007/s11118-013-9350-0},
  fjournal      = {Potential Analysis. An International Journal Devoted to the Interactions between Potential Theory, Probability Theory, Geometry and Functional Analysis},
  issn          = {0926-2601,1572-929X},
  journal       = {Potential Anal.},
  mrclass       = {60H07 (60B11 60H05)},
  mrnumber      = {3201985},
  mrreviewer    = {H\'el\`ene\ Airault},
  number        = {4},
  pages         = {307--344},
  title         = {Tools for {M}alliavin calculus in {UMD} {B}anach spaces},
  url           = {https://doi.org/10.1007/s11118-013-9350-0},
  volume        = {40},
  year          = {2014}
}
