@article{pronk.veraar:14:new,
  author        = {Pronk, Matthijs and Veraar, Mark},
  doi           = {10.1016/j.jde.2014.02.014},
  fjournal      = {Journal of Differential Equations},
  issn          = {0022-0396,1090-2732},
  journal       = {J. Differential Equations},
  mrclass       = {60H15 (35R60 47D06)},
  mrnumber      = {3186842},
  mrreviewer    = {Markus\ Kunze},
  number        = {11},
  pages         = {3634--3683},
  title         = {A new approach to stochastic evolution equations with adapted drift},
  url           = {https://doi.org/10.1016/j.jde.2014.02.014},
  volume        = {256},
  year          = {2014}
}
