@book{prudnikov.brychkov.ea:86:integrals,
  author        = {Prudnikov, A. P. and Brychkov, Yu. A. and Marichev, O. I.},
  isbn          = {2-88124-097-6},
  mrclass       = {00A22 (33-00)},
  mrnumber      = {874986},
  note          = {Elementary functions, Translated from the Russian and with a preface by N. M. Queen},
  pages         = {798},
  publisher     = {Gordon \& Breach Science Publishers, New York},
  title         = {Integrals and series. {V}ol. 1},
  year          = {1986}
}
