@book{puterman:14:markov,
 author = {Puterman, Martin L},
 publisher = {John Wiley \& Sons},
 title = {{Markov} Decision Processes: {Discrete} Stochastic Dynamic
Programming},
 year = {2014}
}
