@article{qian.shen.ea:90:dynamical,
 author = {Qian, Min and Shen, Wen Xian and Zhang, Jin Yan},
 doi = {10.1016/0022-0396(90)90114-5},
 fjournal = {Journal of Differential Equations},
 issn = {0022-0396,1090-2732},
 journal = {J. Differential Equations},
 mrclass = {58F12 (34C15 34D45)},
 mrnumber = {1079864},
 mrreviewer = {Douglas\ S.\ Shafer},
 number = {1},
 pages = {175--212},
 title = {Dynamical behavior in coupled systems of {$J$}-{$J$} type},
 url = {https://doi.org/10.1016/0022-0396(90)90114-5},
 volume = {88},
 year = {1990}
}
