@article{quastel.sarkar:23:convergence,
 author = {Quastel, Jeremy and Sarkar, Sourav},
 doi = {10.1090/jams/999},
 fjournal = {Journal of the American Mathematical Society},
 issn = {0894-0347},
 journal = {J. Amer. Math. Soc.},
 mrclass = {60K35 (60H15 82C24)},
 mrnumber = {4495842},
 number = {1},
 pages = {251--289},
 title = {Convergence of exclusion processes and the {KPZ} equation to the {KPZ} fixed point},
 url = {https://doi.org/10.1090/jams/999},
 volume = {36},
 year = {2023}
}
