@article{quastel.spohn:15:one-dimensional,
 author = {Quastel, Jeremy and Spohn, Herbert},
 doi = {10.1007/s10955-015-1250-9},
 fjournal = {Journal of Statistical Physics},
 issn = {0022-4715},
 journal = {J. Stat. Phys.},
 mrclass = {82C23},
 mrnumber = {3373647},
 number = {4},
 pages = {965--984},
 title = {The one-dimensional {KPZ} equation and its universality class},
 url = {https://doi.org/10.1007/s10955-015-1250-9},
 volume = {160},
 year = {2015}
}
