@incollection{quastel:12:introduction,
  author        = {Quastel, Jeremy},
  booktitle     = {Current developments in mathematics, 2011},
  mrclass       = {60B20 (60F05 60H15 60K35 82Cxx)},
  mrnumber      = {3098078},
  pages         = {125--194},
  publisher     = {Int. Press, Somerville, MA},
  title         = {Introduction to {KPZ}},
  year          = {2012}
}
