@incollection{quastel:14:kardar-parisi-zhang,
 author = {Quastel, J. D.},
 booktitle = {X{VII}th {I}nternational {C}ongress on {M}athematical {P}hysics},
 mrclass = {60-02 (35R60 60K35 60K37)},
 mrnumber = {3204148},
 mrreviewer = {Dong Wang},
 pages = {113--133},
 publisher = {World Sci. Publ., Hackensack, NJ},
 title = {The {K}ardar-{P}arisi-{Z}hang equation and universality class},
 year = {2014}
}
