@book{quastel:90:diffusion,
 author = {Quastel, Jeremy Daniel},
 mrclass = {Thesis},
 mrnumber = {2685265},
 note = {Thesis (Ph.D.)--New York University},
 pages = {80},
 publisher = {ProQuest LLC, Ann Arbor, MI},
 title = {Diffusion of colour in the simple exclusion process},
 url = {http://gateway.proquest.com/openurl?url_ver=Z39.88-2004&rft_val_fmt=info:ofi/fmt:kev:mtx:dissertation&res_dat=xri:pqdiss&rft_dat=xri:pqdiss:9102547},
 year = {1990}
}
