@incollection{quastel:02:time,
  author        = {Quastel, Jeremy},
  booktitle     = {In and out of equilibrium ({M}ambucaba, 2000)},
  mrclass       = {60J60 (60K35)},
  mrnumber      = {1901956},
  mrreviewer    = {Ren Ming Song},
  pages         = {249--257},
  publisher     = {Birkh\"{a}user Boston, Boston, MA},
  series        = {Progr. Probab.},
  title         = {Time reversal of degenerate diffusions},
  volume        = {51},
  year          = {2002}
}
