@incollection{quastel.valko:08:note,
 author = {Quastel, Jeremy and Valk\'{o}, Benedek},
 booktitle = {In and out of equilibrium. 2},
 doi = {10.1007/978-3-7643-8786-0\_25},
 mrclass = {60K35 (82C22)},
 mrnumber = {2477398},
 pages = {543--549},
 publisher = {Birkh\"{a}user, Basel},
 series = {Progr. Probab.},
 title = {A note on the diffusivity of finite-range asymmetric
exclusion processes on {$\mathbb{Z}$}},
 url = {https://doi.org/10.1007/978-3-7643-8786-0_25},
 volume = {60},
 year = {2008}
}
