@article{quastel.rezakhanlou.ea:99:large,
 author = {Quastel, J. and Rezakhanlou, F. and Varadhan, S. R. S.},
 doi = {10.1007/s004400050202},
 fjournal = {Probability Theory and Related Fields},
 issn = {0178-8051},
 journal = {Probab. Theory Related Fields},
 mrclass = {60K35 (60F10)},
 mrnumber = {1670733},
 mrreviewer = {Peter Eichelsbacher},
 number = {1},
 pages = {1--84},
 title = {Large deviations for the symmetric simple exclusion
process in dimensions {$d\geq 3$}},
 url = {https://doi.org/10.1007/s004400050202},
 volume = {113},
 year = {1999}
}
