@incollection{quastel:00:free,
 author = {Quastel, Jeremy},
 booktitle = {Hydrodynamic limits and related topics ({T}oronto, {ON},
1998)},
 doi = {10.1214/aop/1019160497},
 mrclass = {60K35 (82C41)},
 mrnumber = {1798647},
 pages = {109--116},
 publisher = {Amer. Math. Soc., Providence, RI},
 series = {Fields Inst. Commun.},
 title = {Free boundary problem and hydrodynamic limit},
 url = {https://doi.org/10.1214/aop/1019160497},
 volume = {27},
 year = {2000}
}
