@article{quastel.yau:98:lattice,
  author        = {Quastel, J. and Yau, H.-T.},
  doi           = {10.2307/120992},
  fjournal      = {Annals of Mathematics. Second Series},
  issn          = {0003-486X},
  journal       = {Ann. of Math. (2)},
  mrclass       = {60K35 (60F10 76M35 82C22)},
  mrnumber      = {1652971},
  mrreviewer    = {S. R. S. Varadhan},
  number        = {1},
  pages         = {51--108},
  title         = {Lattice gases, large deviations, and the incompressible {N}avier-{S}tokes equations},
  url           = {https://doi.org/10.2307/120992},
  volume        = {148},
  year          = {1998}
}
