@article{quastel.remenik:15:tails,
 author = {Quastel, Jeremy and Remenik, Daniel},
 doi = {10.1214/12-AIHP525},
 fjournal = {Annales de l'Institut Henri Poincar\'{e} Probabilit\'{e}s et Statistiques},
 issn = {0246-0203},
 journal = {Ann. Inst. Henri Poincar\'{e} Probab. Stat.},
 mrclass = {60K35 (82C23)},
 mrnumber = {3300961},
 mrreviewer = {Olga Izyumtseva},
 number = {1},
 pages = {1--17},
 title = {Tails of the endpoint distribution of directed polymers},
 url = {https://doi.org/10.1214/12-AIHP525},
 volume = {51},
 year = {2015}
}
