@incollection{quastel:10:kpz,
 author = {Quastel, Jeremy},
 booktitle = {X{VI}th {I}nternational {C}ongress on {M}athematical
{P}hysics},
 doi = {10.1142/9789814304634\_0030},
 mrclass = {82C21 (60K35 82C24 82C44)},
 mrnumber = {2730805},
 mrreviewer = {Giambattista Giacomin},
 pages = {401--405},
 publisher = {World Sci. Publ., Hackensack, NJ},
 title = {K{PZ} universality for {KPZ}},
 url = {https://doi.org/10.1142/9789814304634_0030},
 year = {2010}
}
