@incollection{quer-sardanyons:13:gaussian,
 author = {Quer-Sardanyons, Llu\'{i}s},
 booktitle = {Malliavin calculus and stochastic analysis},
 doi = {10.1007/978-1-4614-5906-4\_13},
 mrclass = {60H07 (60H15)},
 mrnumber = {3070449},
 pages = {299--314},
 publisher = {Springer, New York},
 series = {Springer Proc. Math. Stat.},
 title = {Gaussian upper density estimates for spatially homogeneous
{SPDE}s},
 url = {https://doi.org/10.1007/978-1-4614-5906-4_13},
 volume = {34},
 year = {2013}
}
