@article{quiros-gracian.vazquez:95:self-similar,
  author        = {Quir\'{o}s Graci\'{a}n, Fernando and V\'{a}zquez, Juan L.},
  fjournal      = {Differential and Integral Equations. An International Journal for Theory \& Applications},
  issn          = {0893-4983},
  journal       = {Differential Integral Equations},
  mrclass       = {35K55 (35B30 76F05 76R50)},
  mrnumber      = {1347975},
  number        = {7},
  pages         = {1677--1708},
  title         = {Self-similar turbulent bursts: existence and analytic dependence},
  volume        = {8},
  year          = {1995}
}
