@article{radchenko:14:heat,
  author        = {Radchenko, Vadym},
  doi           = {10.15559/14-VMSTA14},
  fjournal      = {Modern Stochastics. Theory and Applications},
  issn          = {2351-6046,2351-6054},
  journal       = {Mod. Stoch. Theory Appl.},
  mrclass       = {60H15 (60G17 60G57)},
  mrnumber      = {3316482},
  mrreviewer    = {Le\ Chen},
  number        = {2},
  pages         = {129--138},
  title         = {Heat equation with general stochastic measure colored in time},
  url           = {https://doi.org/10.15559/14-VMSTA14},
  volume        = {1},
  year          = {2014}
}
