@article{rajeev:99:condensation,
 author = {Rajeev, SG},
 journal = {arXiv preprint hep-th/9905120},
 title = {A condensation of interacting Bosons in two dimensional space},
 year = {1999}
}
