@article{ramanan.zeitouni:99:quasi-stationary,
 author = {Ramanan, Kavita and Zeitouni, Ofer},
 doi = {10.1016/S0304-4149(99)00044-7},
 fjournal = {Stochastic Processes and their Applications},
 issn = {0304-4149,1879-209X},
 journal = {Stochastic Process. Appl.},
 mrclass = {60J05 (37D99 37E05 37H99 60H25)},
 mrnumber = {1720096},
 mrreviewer = {Fima\ Klebaner},
 number = {1},
 pages = {25--51},
 title = {The quasi-stationary distribution for small random
perturbations of certain one-dimensional maps},
 url = {https://doi.org/10.1016/S0304-4149(99)00044-7},
 volume = {84},
 year = {1999}
}
