@article{ramirez.rider:17:spiking,
  author        = {Ram\'{i}rez, Jos\'{e} A. and Rider, Brian},
  doi           = {10.1007/s00440-016-0733-1},
  fjournal      = {Probability Theory and Related Fields},
  issn          = {0178-8051},
  journal       = {Probab. Theory Related Fields},
  mrclass       = {60B20 (60F05)},
  mrnumber      = {3704773},
  mrreviewer    = {Deli Li},
  number        = {1-2},
  pages         = {425--467},
  title         = {Spiking the random matrix hard edge},
  url           = {https://doi.org/10.1007/s00440-016-0733-1},
  volume        = {169},
  year          = {2017}
}
