@article{ramirez.rider:11:erratum,
 author = {Ram\'{i}rez, Jos\'{e} A. and Rider, Brian},
 doi = {10.1007/s00220-011-1333-7},
 fjournal = {Communications in Mathematical Physics},
 issn = {0010-3616},
 journal = {Comm. Math. Phys.},
 mrclass = {60B20 (60J60)},
 mrnumber = {2837124},
 number = {2},
 pages = {561--563},
 title = {Erratum to: {D}iffusion at the random matrix hard edge [MR2504858]},
 url = {https://doi.org/10.1007/s00220-011-1333-7},
 volume = {307},
 year = {2011}
}
