@article{ramirez.rider.ea:11:hard,
 author = {Ram\'{i}rez, Jos\'{e} A. and Rider, Brian and Zeitouni, Ofer},
 doi = {10.1214/ECP.v16-1682},
 fjournal = {Electronic Communications in Probability},
 issn = {1083-589X},
 journal = {Electron. Commun. Probab.},
 mrclass = {60B20},
 mrnumber = {2861438},
 mrreviewer = {Guangyu\ Yang},
 pages = {741--752},
 title = {Hard edge tail asymptotics},
 url = {https://doi.org/10.1214/ECP.v16-1682},
 volume = {16},
 year = {2011}
}
