@article{ramirez.rider:08:shape,
 author = {Ram\'{i}rez, Jos\'{e} A. and Rider, Brian},
 doi = {10.1007/s10959-007-0105-y},
 fjournal = {Journal of Theoretical Probability},
 issn = {0894-9840},
 journal = {J. Theoret. Probab.},
 mrclass = {47B80 (47E05 60G15)},
 mrnumber = {2391252},
 mrreviewer = {Masahiro Kaminaga},
 number = {2},
 pages = {413--430},
 title = {Shape of the ground state energy density of {H}ill's equation with nice {G}aussian potential},
 url = {https://doi.org/10.1007/s10959-007-0105-y},
 volume = {21},
 year = {2008}
}
