@article{rascle.ziti:95:finite,
 author = {Rascle, M. and Ziti, C.},
 doi = {10.1007/BF00176379},
 fjournal = {Journal of Mathematical Biology},
 issn = {0303-6812},
 journal = {J. Math. Biol.},
 mrclass = {92C40 (35Q80 92D25)},
 mrnumber = {1320430},
 mrreviewer = {Hal Leslie Smith},
 number = {4},
 pages = {388--414},
 title = {Finite time blow-up in some models of chemotaxis},
 url = {https://doi.org/10.1007/BF00176379},
 volume = {33},
 year = {1995}
}
