@article{rassoul-agha.seppalainen:09:almost,
 author = {Rassoul-Agha, Firas and Sepp\"{a}l\"{a}inen, Timo},
 doi = {10.1214/08-AIHP167},
 fjournal = {Annales de l'Institut Henri Poincar\'{e} Probabilit\'{e}s
et Statistiques},
 issn = {0246-0203},
 journal = {Ann. Inst. Henri Poincar\'{e} Probab. Stat.},
 mrclass = {60K37 (60F05 60F17)},
 mrnumber = {2521407},
 mrreviewer = {Jonathon R. Peterson},
 number = {2},
 pages = {373--420},
 title = {Almost sure functional central limit theorem for ballistic
random walk in random environment},
 url = {https://doi.org/10.1214/08-AIHP167},
 volume = {45},
 year = {2009}
}
