@article{reade:51:characterization,
 author = {Reade, Maxwell O.},
 doi = {10.2307/2032620},
 fjournal = {Proceedings of the American Mathematical Society},
 issn = {0002-9939},
 journal = {Proc. Amer. Math. Soc.},
 mrclass = {53.0X},
 mrnumber = {40747},
 mrreviewer = {E. F. Beckenbach},
 pages = {47--54},
 title = {A characterization of minimal surfaces in isothermic representation},
 url = {https://doi.org/10.2307/2032620},
 volume = {2},
 year = {1951}
}
