@book{reed.simon:75:methods*1,
 author = {Reed, Michael and Simon, Barry},
 mrclass = {47-02 (81.47)},
 mrnumber = {0493420},
 mrreviewer = {P. R. Chernoff},
 pages = {xv+361},
 publisher = {Academic Press [Harcourt Brace Jovanovich, Publishers], New York-London},
 title = {Methods of modern mathematical physics. {II}. {F}ourier analysis, self-adjointness},
 year = {1975}
}
