@book{reed.simon:72:methods,
 author = {Reed, Michael and Simon, Barry},
 mrclass = {47-02 (81.47)},
 mrnumber = {493419},
 mrreviewer = {P.\ R.\ Chernoff},
 pages = {xvii+325},
 publisher = {Academic Press, New York-London},
 title = {Methods of modern mathematical physics. {I}. {F}unctional analysis},
 year = {1972}
}
