@book{reed.simon:80:methods*1,
 author = {Reed, Michael and Simon, Barry},
 edition = {Second},
 isbn = {0-12-585050-6},
 mrclass = {46-01 (47-01)},
 mrnumber = {751959},
 note = {Functional analysis},
 pages = {xv+400},
 publisher = {Academic Press, Inc. [Harcourt Brace Jovanovich, Publishers], New York},
 title = {Methods of modern mathematical physics. {I}},
 year = {1980}
}
