@book{reid:71:ordinary,
  author        = {Reid, William T.},
  mrclass       = {34.00},
  mrnumber      = {273082},
  mrreviewer    = {E. O. Roxin},
  pages         = {xv+553},
  publisher     = {John Wiley \& Sons, Inc., New York-London-Sydney},
  title         = {Ordinary differential equations},
  year          = {1971}
}
