@book{reid:72:riccati,
 author = {Reid, William T.},
 mrclass = {34A25 (34C99)},
 mrnumber = {357936},
 mrreviewer = {G. J. Etgen},
 pages = {x+216},
 publisher = {Academic Press, New York-London},
 series = {Mathematics in Science and Engineering, Vol. 86},
 title = {Riccati differential equations},
 year = {1972}
}
