@article{reimers:89:one-dimensional,
 author = {Reimers, Mark},
 doi = {10.1007/BF00340057},
 fjournal = {Probability Theory and Related Fields},
 issn = {0178-8051},
 journal = {Probab. Theory Related Fields},
 mrclass = {60H15 (03H05 35R60)},
 mrnumber = {983088},
 number = {3},
 pages = {319--340},
 title = {One-dimensional stochastic partial differential equations
and the branching measure diffusion},
 url = {https://doi.org/10.1007/BF00340057},
 volume = {81},
 year = {1989}
}
