@incollection{reinhardt.walker:10:theta,
  author        = {Reinhardt, W. P. and Walker, P. L.},
  booktitle     = {N{IST} handbook of mathematical functions},
  mrclass       = {33D15},
  mrnumber      = {2655360},
  pages         = {523--535},
  publisher     = {U.S. Dept. Commerce, Washington, DC},
  title         = {Theta functions},
  year          = {2010}
}
