@article{ren.zhang:08:freidlin-wentzells,
 author = {Ren, Jiagang and Zhang, Xicheng},
 doi = {10.1016/j.jfa.2008.02.010},
 fjournal = {Journal of Functional Analysis},
 issn = {0022-1236},
 journal = {J. Funct. Anal.},
 mrclass = {60F10 (35R60 37L55 60H10 60H15)},
 mrnumber = {2418622},
 mrreviewer = {Jorge A. Le\'{o}n},
 number = {12},
 pages = {3148--3172},
 title = {Freidlin-{W}entzell's large deviations for stochastic evolution equations},
 url = {https://doi.org/10.1016/j.jfa.2008.02.010},
 volume = {254},
 year = {2008}
}
