@article{ren.zhang:05:freidlin-wentzells,
 author = {Ren, Jiagang and Zhang, Xicheng},
 doi = {10.1016/j.bulsci.2004.12.005},
 fjournal = {Bulletin des Sciences Math\'{e}matiques},
 issn = {0007-4497},
 journal = {Bull. Sci. Math.},
 mrclass = {60H10 (60F10)},
 mrnumber = {2166732},
 mrreviewer = {Samuel Herrmann},
 number = {8},
 pages = {643--655},
 title = {Freidlin-{W}entzell's large deviations for homeomorphism
flows of non-{L}ipschitz {SDE}s},
 url = {https://doi.org/10.1016/j.bulsci.2004.12.005},
 volume = {129},
 year = {2005}
}
