@article{renesse.yor.ea:08:quasi-invariance,
  author        = {von Renesse, Max-K. and Yor, Marc and Zambotti, Lorenzo},
  doi           = {10.1016/j.spa.2007.11.008},
  fjournal      = {Stochastic Processes and their Applications},
  issn          = {0304-4149,1879-209X},
  journal       = {Stochastic Process. Appl.},
  mrclass       = {60G51 (60G30 60G44)},
  mrnumber      = {2462287},
  mrreviewer    = {Robert\ Stelzer},
  number        = {11},
  pages         = {2038--2057},
  title         = {Quasi-invariance properties of a class of subordinators},
  url           = {https://doi.org/10.1016/j.spa.2007.11.008},
  volume        = {118},
  year          = {2008}
}
