@article{rezakhanlou:91:hydrodynamic,
 author = {Rezakhanlou, Fraydoun},
 fjournal = {Communications in Mathematical Physics},
 issn = {0010-3616},
 journal = {Comm. Math. Phys.},
 mrclass = {82C22 (60K35)},
 mrnumber = {1130693},
 number = {3},
 pages = {417--448},
 title = {Hydrodynamic limit for attractive particle systems on
{${\bf Z}^d$}},
 url = {http://projecteuclid.org/euclid.cmp/1104248092},
 volume = {140},
 year = {1991}
}
