@article{rhodes.vargas:14:spectral,
 author = {Rhodes, R\'emi and Vargas, Vincent},
 doi = {10.1007/s00023-013-0308-y},
 fjournal = {Annales Henri Poincar\'e. A Journal of Theoretical and
Mathematical Physics},
 issn = {1424-0637,1424-0661},
 journal = {Ann. Henri Poincar\'e},
 mrclass = {81T20 (83C45 83E30)},
 mrnumber = {3272822},
 number = {12},
 pages = {2281--2298},
 title = {Spectral dimension of {L}iouville quantum gravity},
 url = {https://doi.org/10.1007/s00023-013-0308-y},
 volume = {15},
 year = {2014}
}
