@incollection{rhodes.vargas:23:lecture,
 author = {Rhodes, R\'emi and Vargas, Vincent},
 booktitle = {Topics in statistical mechanics},
 isbn = {978-2-85629-970-8},
 mrclass = {81T40 (81T20)},
 mrnumber = {4619314},
 pages = {185--229},
 publisher = {Soc. Math. France, Paris},
 series = {Panor. Synth\`eses},
 title = {Lecture notes on {L}iouville theory and the {DOZZ}
formula},
 volume = {59},
 year = {2023}
}
