@article{rhodes.vargas:13:optimal,
  author        = {Rhodes, R\'emi and Vargas, Vincent},
  doi           = {10.1214/11-AIHP443},
  fjournal      = {Annales de l'Institut Henri Poincar\'e{} Probabilit\'es et Statistiques},
  issn          = {0246-0203,1778-7017},
  journal       = {Ann. Inst. Henri Poincar\'e{} Probab. Stat.},
  mrclass       = {60G57 (28A80 49Q20)},
  mrnumber      = {3060150},
  number        = {1},
  pages         = {119--137},
  title         = {Optimal transportation for multifractal random measures and applications},
  url           = {https://doi.org/10.1214/11-AIHP443},
  volume        = {49},
  year          = {2013}
}
