@article{rice:67:nonlinear,
 author = {Rice, John R.},
 doi = {10.2307/1994467},
 fjournal = {Transactions of the American Mathematical Society},
 issn = {0002-9947},
 journal = {Trans. Amer. Math. Soc.},
 mrclass = {41.60},
 mrnumber = {226278},
 mrreviewer = {Ivan Singer},
 pages = {437--459},
 title = {Nonlinear approximation. {II}. {C}urvature in {M}inkowski
geometry and local uniqueness},
 url = {https://doi.org/10.2307/1994467},
 volume = {128},
 year = {1967}
}
