@article{richardson:73:random,
 author = {Richardson, Daniel},
 doi = {10.1017/s0305004100077288},
 fjournal = {Proceedings of the Cambridge Philosophical Society},
 issn = {0008-1981},
 journal = {Proc. Cambridge Philos. Soc.},
 mrclass = {60K99 (92A05)},
 mrnumber = {329079},
 mrreviewer = {R. Fischler},
 pages = {515--528},
 title = {Random growth in a tessellation},
 url = {https://doi.org/10.1017/s0305004100077288},
 volume = {74},
 year = {1973}
}
