@article{richey.tracy:87:symmetry,
 author = {Richey, Matthew P. and Tracy, Craig A.},
 fjournal = {Journal of Physics. A. Mathematical and General},
 issn = {0305-4470},
 journal = {J. Phys. A},
 mrclass = {82A68 (11F46 82A69)},
 mrnumber = {898970},
 mrreviewer = {H. N. V. Temperley},
 number = {10},
 pages = {2667--2677},
 title = {Symmetry group for a completely symmetric vertex model},
 url = {http://stacks.iop.org/0305-4470/20/2667},
 volume = {20},
 year = {1987}
}
