@article{richey.tracy:86:zn,
 author = {Richey, Matthew P. and Tracy, Craig A.},
 doi = {10.1007/BF01127715},
 fjournal = {Journal of Statistical Physics},
 issn = {0022-4715},
 journal = {J. Statist. Phys.},
 mrclass = {82A67 (82A68)},
 mrnumber = {833020},
 mrreviewer = {George E. Andrews},
 number = {3-4},
 pages = {311--348},
 title = {{$Z_n$} {B}axter model: symmetries and the {B}elavin
parametrization},
 url = {https://doi.org/10.1007/BF01127715},
 volume = {42},
 year = {1986}
}
