@article{richardson:26:atmospheric,
 author = {Richardson, Lewis Fry},
 journal = {Proceedings of the Royal Society of London. Series A,
Containing Papers of a Mathematical and Physical
Character},
 number = {756},
 pages = {709--737},
 publisher = {The Royal Society London},
 title = {Atmospheric diffusion shown on a distance-neighbour
graph},
 volume = {110},
 year = {1926}
}
