@article{rider.zhou:08:janossy,
 author = {Rider, Brian and Zhou, Xin},
 doi = {10.1093/imrn/rnn037},
 fjournal = {International Mathematics Research Notices. IMRN},
 issn = {1073-7928},
 journal = {Int. Math. Res. Not. IMRN},
 mrclass = {15A52 (30E20 42C05 82B44)},
 mrnumber = {2436558},
 mrreviewer = {Steven Joel Miller},
 number = {13},
 pages = {Art. ID rnn037, 51},
 title = {Janossy densities for unitary ensembles at the spectral edge},
 url = {https://doi.org/10.1093/imrn/rnn037},
 year = {2008}
}
