@book{rider:00:on,
 author = {Rider, Brian Charles},
 isbn = {978-0599-91687-6},
 mrclass = {Thesis},
 mrnumber = {2701280},
 note = {Thesis (Ph.D.)--New York University},
 pages = {133},
 publisher = {ProQuest LLC, Ann Arbor, MI},
 title = {On the thermodynamic limit of focussing cubic {S}chroedinger},
 url = {http://gateway.proquest.com/openurl?url_ver=Z39.88-2004&rft_val_fmt=info:ofi/fmt:kev:mtx:dissertation&res_dat=xri:pqdiss&rft_dat=xri:pqdiss:9985274},
 year = {2000}
}
