@article{rider.virag:07:complex,
  author        = {Rider, Brian and Vir\'{a}g, B\'{a}lint},
  doi           = {10.1214/EJP.v12-446},
  fjournal      = {Electronic Journal of Probability},
  issn          = {1083-6489},
  journal       = {Electron. J. Probab.},
  mrclass       = {60G55 (60D05 60F05 60G15)},
  mrnumber      = {2346510},
  mrreviewer    = {Lutz Peter Klotz},
  pages         = {no. 45, 1238--1257},
  title         = {Complex determinantal processes and {$H^1$} noise},
  url           = {https://doi.org/10.1214/EJP.v12-446},
  volume        = {12},
  year          = {2007}
}
