@article{rider.silverstein:06:gaussian,
 author = {Rider, B. and Silverstein, Jack W.},
 doi = {10.1214/009117906000000403},
 fjournal = {The Annals of Probability},
 issn = {0091-1798},
 journal = {Ann. Probab.},
 mrclass = {60F05},
 mrnumber = {2294978},
 mrreviewer = {Razvan Teodorescu},
 number = {6},
 pages = {2118--2143},
 title = {Gaussian fluctuations for non-{H}ermitian random matrix ensembles},
 url = {https://doi.org/10.1214/009117906000000403},
 volume = {34},
 year = {2006}
}
