@incollection{rider:03:limit,
 author = {Rider, B.},
 doi = {10.1088/0305-4470/36/12/331},
 fjournal = {Journal of Physics. A. Mathematical and General},
 issn = {0305-4470},
 journal = {J. Phys. A},
 mrclass = {15A52},
 mrnumber = {1986426},
 mrreviewer = {Oleksiy Khorunzhiy},
 note = {Random matrix theory},
 number = {12},
 pages = {3401--3409},
 title = {A limit theorem at the edge of a non-{H}ermitian random
matrix ensemble},
 url = {https://doi.org/10.1088/0305-4470/36/12/331},
 volume = {36},
 year = {2003}
}
