@article{rider.sinclair.ea:13:solvable,
  author        = {Rider, Brian and Sinclair, Christopher D. and Xu, Yuan},
  doi           = {10.1007/s00440-011-0394-z},
  fjournal      = {Probability Theory and Related Fields},
  issn          = {0178-8051},
  journal       = {Probab. Theory Related Fields},
  mrclass       = {60B20 (60G55 82B05)},
  mrnumber      = {3010395},
  number        = {1-2},
  pages         = {127--164},
  title         = {A solvable mixed charge ensemble on the line: global results},
  url           = {https://doi.org/10.1007/s00440-011-0394-z},
  volume        = {155},
  year          = {2013}
}
