@article{rider.valko:16:matrix,
 author = {Rider, B. and Valk\'{o}, B.},
 doi = {10.1093/imrn/rnv127},
 fjournal = {International Mathematics Research Notices. IMRN},
 issn = {1073-7928},
 journal = {Int. Math. Res. Not. IMRN},
 mrclass = {60J60 (60B20)},
 mrnumber = {3514061},
 mrreviewer = {Longmin Wang},
 number = {1},
 pages = {174--218},
 title = {Matrix {D}ufresne identities},
 url = {https://doi.org/10.1093/imrn/rnv127},
 year = {2016}
}
