@article{rios-insua.banks.ea:16:modeling,
  author        = {Rios Insua, David and Banks, David and Rios, Jesus},
  journal       = {Risk Analysis},
  number        = {4},
  pages         = {742--755},
  publisher     = {Wiley Online Library},
  title         = {Modeling opponents in adversarial risk analysis},
  volume        = {36},
  year          = {2016}
}
