@book{riviere:08:discontinuous,
  author        = {Rivi\`ere, B\'{e}atrice},
  doi           = {10.1137/1.9780898717440},
  isbn          = {978-0-898716-56-6},
  mrclass       = {65N30 (65M60 76M10 76S05)},
  mrnumber      = {2431403},
  mrreviewer    = {Colin J. Cotter},
  note          = {Theory and implementation},
  pages         = {xxii+190},
  publisher     = {Society for Industrial and Applied Mathematics (SIAM), Philadelphia, PA},
  series        = {Frontiers in Applied Mathematics},
  title         = {Discontinuous {G}alerkin methods for solving elliptic and parabolic equations},
  url           = {https://doi.org/10.1137/1.9780898717440},
  volume        = {35},
  year          = {2008}
}
