@article{roberts:13:simple,
 author = {Roberts, Matthew I.},
 doi = {10.1214/12-AOP753},
 fjournal = {The Annals of Probability},
 issn = {0091-1798},
 journal = {Ann. Probab.},
 mrclass = {60J80 (60J65)},
 mrnumber = {3127890},
 mrreviewer = {Bastien Mallein},
 number = {5},
 pages = {3518--3541},
 title = {A simple path to asymptotics for the frontier of a
branching {B}rownian motion},
 url = {https://doi.org/10.1214/12-AOP753},
 volume = {41},
 year = {2013}
}
