@article{robert.vargas:10:gaussian,
 author = {Robert, Raoul and Vargas, Vincent},
 doi = {10.1214/09-AOP490},
 fjournal = {The Annals of Probability},
 issn = {0091-1798,2168-894X},
 journal = {Ann. Probab.},
 mrclass = {60G57 (28A80 60G15 60G25)},
 mrnumber = {2642887},
 number = {2},
 pages = {605--631},
 title = {Gaussian multiplicative chaos revisited},
 url = {https://doi.org/10.1214/09-AOP490},
 volume = {38},
 year = {2010}
}
