@book{rockafellar:70:convex,
 author = {Rockafellar, R. Tyrrell},
 mrclass = {26.52 (46.00)},
 mrnumber = {0274683},
 mrreviewer = {Ky Fan},
 pages = {xviii+451},
 publisher = {Princeton University Press, Princeton, N.J.},
 series = {Princeton Mathematical Series, No. 28},
 title = {Convex analysis},
 year = {1970}
}
