@article{rockner.zhang.ea:10:large,
 author = {R\"{o}ckner, Michael and Zhang, Tusheng and Zhang,
Xicheng},
 doi = {10.1007/s00245-009-9089-6},
 fjournal = {Applied Mathematics and Optimization},
 issn = {0095-4616},
 journal = {Appl. Math. Optim.},
 mrclass = {60H15 (60F10 76D05 76M35)},
 mrnumber = {2585144},
 number = {2},
 pages = {267--285},
 title = {Large deviations for stochastic tamed 3{D}
{N}avier-{S}tokes equations},
 url = {https://doi.org/10.1007/s00245-009-9089-6},
 volume = {61},
 year = {2010}
}
