@article{rockner.russo:17:uniqueness*2,
 author = {R\"{o}ckner, Michael and Russo, Francesco},
 doi = {10.1007/s00028-016-0372-0},
 fjournal = {Journal of Evolution Equations},
 issn = {1424-3199,1424-3202},
 journal = {J. Evol. Equ.},
 mrclass = {35R60 (35Q84 60H15 82C31)},
 mrnumber = {3707309},
 mrreviewer = {Le\ Chen},
 number = {3},
 pages = {1049--1062},
 title = {Uniqueness for a class of stochastic {F}okker-{P}lanck and porous media equations},
 url = {https://doi.org/10.1007/s00028-016-0372-0},
 volume = {17},
 year = {2017}
}
