@article{romito:14:uniqueness,
 author = {Romito, Marco},
 doi = {10.1007/s00440-013-0499-7},
 fjournal = {Probability Theory and Related Fields},
 issn = {0178-8051},
 journal = {Probab. Theory Related Fields},
 mrclass = {35R60 (35A02 35B44 35Q35 60H15 76D06)},
 mrnumber = {3176368},
 mrreviewer = {Marko Nedeljkov},
 number = {3-4},
 pages = {895--924},
 title = {Uniqueness and blow-up for a stochastic viscous dyadic model},
 url = {https://doi.org/10.1007/s00440-013-0499-7},
 volume = {158},
 year = {2014}
}
