@article{rosen:69:dilatation,
  author        = {Rosen, Gerald},
  doi           = {10.1103/PhysRev.183.1186},
  issue         = {5},
  journal       = {Phys. Rev.},
  month         = {Jul},
  numpages      = {0},
  pages         = {1186--1188},
  publisher     = {American Physical Society},
  title         = {Dilatation Covariance and Exact Solutions in Local Relativistic Field Theories},
  url           = {https://link.aps.org/doi/10.1103/PhysRev.183.1186},
  volume        = {183},
  year          = {1969}
}
