@article{rosen:83:local,
  author        = {Rosen, Jay},
  fjournal      = {Communications in Mathematical Physics},
  issn          = {0010-3616,1432-0916},
  journal       = {Comm. Math. Phys.},
  mrclass       = {60J65 (60G17)},
  mrnumber      = {701921},
  mrreviewer    = {Robert\ J.\ Adler},
  number        = {3},
  pages         = {327--338},
  title         = {A local time approach to the self-intersections of {B}rownian paths in space},
  url           = {http://projecteuclid.org/euclid.cmp/1103922380},
  volume        = {88},
  year          = {1983}
}
