@article{rosenkrantz.stearns.ea:77:analysis,
 author = {Rosenkrantz, Daniel J and Stearns, Richard E and Lewis,
II, Philip M},
 journal = {SIAM journal on computing},
 number = {3},
 pages = {563--581},
 publisher = {SIAM},
 title = {An analysis of several heuristics for the traveling
salesman problem},
 volume = {6},
 year = {1977}
}
