@article{rosen:87:intersection,
 author = {Rosen, Jay},
 doi = {10.1016/0047-259X(87)90176-X},
 fjournal = {Journal of Multivariate Analysis},
 issn = {0047-259X},
 journal = {J. Multivariate Anal.},
 mrclass = {60G15 (60G17 60J55)},
 mrnumber = {911792},
 mrreviewer = {Simeon M. Berman},
 number = {1},
 pages = {37--46},
 title = {The intersection local time of fractional {B}rownian motion in the plane},
 url = {https://doi.org/10.1016/0047-259X(87)90176-X},
 volume = {23},
 year = {1987}
}
