@article{rosinski.zak:96:simple,
 author = {Rosi\'{n}ski, Jan and \.{Z}ak, Tomasz},
 doi = {10.1016/0304-4149(95)00083-6},
 fjournal = {Stochastic Processes and their Applications},
 issn = {0304-4149},
 journal = {Stochastic Process. Appl.},
 mrclass = {60J30},
 mrnumber = {1386177},
 mrreviewer = {Piotr Kokoszka},
 number = {2},
 pages = {277--288},
 title = {Simple conditions for mixing of infinitely divisible
processes},
 url = {https://doi.org/10.1016/0304-4149(95)00083-6},
 volume = {61},
 year = {1996}
}
