@book{ross:14:introduction,
 author = {Ross, Sheldon M},
 publisher = {Academic Press},
 title = {Introduction to Probability Models},
 year = {2014}
}
