@article{rost:81:nonequilibrium,
 author = {Rost, H.},
 doi = {10.1007/BF00536194},
 fjournal = {Zeitschrift f\"{u}r Wahrscheinlichkeitstheorie und Verwandte Gebiete},
 issn = {0044-3719},
 journal = {Z. Wahrsch. Verw. Gebiete},
 mrclass = {60K35 (82A05)},
 mrnumber = {635270},
 mrreviewer = {T. M. Liggett},
 number = {1},
 pages = {41--53},
 title = {Nonequilibrium behaviour of a many particle process: density profile and local equilibria},
 url = {https://doi.org/10.1007/BF00536194},
 volume = {58},
 year = {1981}
}
