@book{rothe:84:global,
  author        = {Rothe, Franz},
  doi           = {10.1007/BFb0099278},
  isbn          = {3-540-13365-8},
  mrclass       = {35K57 (35B50 92A05)},
  mrnumber      = {755878},
  mrreviewer    = {Piero de Mottoni},
  pages         = {v+216},
  publisher     = {Springer-Verlag, Berlin},
  series        = {Lecture Notes in Mathematics},
  title         = {Global solutions of reaction-diffusion systems},
  url           = {https://doi.org/10.1007/BFb0099278},
  volume        = {1072},
  year          = {1984}
}
