@article{rovira.tindel:01:sharp,
 author = {Rovira, Carles and Tindel, Samy},
 doi = {10.1023/A:1011286304117},
 fjournal = {Potential Analysis. An International Journal Devoted to
the Interactions between Potential Theory, Probability
Theory, Geometry and Functional Analysis},
 issn = {0926-2601},
 journal = {Potential Anal.},
 mrclass = {60H15 (60F10)},
 mrnumber = {1825694},
 mrreviewer = {Zhongmin Qian},
 number = {4},
 pages = {409--435},
 title = {Sharp large deviation estimates for the stochastic heat
equation},
 url = {https://doi.org/10.1023/A:1011286304117},
 volume = {14},
 year = {2001}
}
