@article{rovira.tindel:00:sharp,
  author        = {Rovira, Carles and Tindel, Samy},
  doi           = {10.1016/S0007-4497(00)01062-9},
  fjournal      = {Bulletin des Sciences Math\'{e}matiques},
  issn          = {0007-4497},
  journal       = {Bull. Sci. Math.},
  mrclass       = {60H07 (60F10)},
  mrnumber      = {1793908},
  mrreviewer    = {Ali S\"{u}leyman \"{U}st\"{u}nel},
  number        = {7},
  pages         = {525--555},
  title         = {Sharp large deviation estimates for a certain class of sets on the {W}iener space},
  url           = {https://doi.org/10.1016/S0007-4497(00)01062-9},
  volume        = {124},
  year          = {2000}
}
