@incollection{roy.olver:10:elementary,
 author = {Roy, R. and Olver, F. W. J.},
 booktitle = {N{IST} handbook of mathematical functions},
 mrclass = {33B10},
 mrnumber = {2655344},
 pages = {103--134},
 publisher = {U.S. Dept. Commerce, Washington, DC},
 title = {Elementary functions},
 year = {2010}
}
