@book{royden:63:real,
  author        = {Royden, H. L.},
  mrclass       = {26.00 (28.00)},
  mrnumber      = {0151555},
  mrreviewer    = {P. Franklin},
  pages         = {xvi+284},
  publisher     = {The Macmillan Company, New York; Collier Macmillan Ltd., London},
  title         = {Real analysis},
  year          = {1963}
}
