@book{rozanov:82:markov,
 author = {Rozanov, Yu. A.},
 isbn = {0-387-90708-4},
 mrclass = {60G60 (60G20 60J25)},
 mrnumber = {676644},
 mrreviewer = {V. S. Mandrekar},
 note = {Translated from the Russian by Constance M. Elson},
 pages = {ix+201},
 publisher = {Springer-Verlag, New York-Berlin},
 series = {Applications of Mathematics},
 title = {Markov random fields},
 year = {1982}
}
