@article{rudelson.vershynin:09:smallest,
 author = {Rudelson, Mark and Vershynin, Roman},
 doi = {10.1002/cpa.20294},
 fjournal = {Communications on Pure and Applied Mathematics},
 issn = {0010-3640},
 journal = {Comm. Pure Appl. Math.},
 mrclass = {60B20 (15A42 15B52 60E15)},
 mrnumber = {2569075},
 mrreviewer = {Mark W. Meckes},
 number = {12},
 pages = {1707--1739},
 title = {Smallest singular value of a random rectangular matrix},
 url = {https://doi.org/10.1002/cpa.20294},
 volume = {62},
 year = {2009}
}
