@book{rudin:87:real,
 author = {Rudin, Walter},
 edition = {Third},
 isbn = {0-07-054234-1},
 mrclass = {00A05 (26-01 30-01 46-01)},
 mrnumber = {924157},
 pages = {xiv+416},
 publisher = {McGraw-Hill Book Co., New York},
 title = {Real and complex analysis},
 year = {1987}
}
