@article{ruelle:87:mathematical,
 author = {Ruelle, David},
 fjournal = {Communications in Mathematical Physics},
 issn = {0010-3616},
 journal = {Comm. Math. Phys.},
 mrclass = {82A05 (60K35 82A57)},
 mrnumber = {875300},
 mrreviewer = {Aernout C. D. van Enter},
 number = {2},
 pages = {225--239},
 title = {A mathematical reformulation of {D}errida's {REM} and
{GREM}},
 url = {http://projecteuclid.org/euclid.cmp/1104116461},
 volume = {108},
 year = {1987}
}
