@article{russo.tudor:06:on,
  author        = {Russo, Francesco and Tudor, Ciprian A.},
  doi           = {10.1016/j.spa.2005.11.013},
  fjournal      = {Stochastic Processes and their Applications},
  issn          = {0304-4149,1879-209X},
  journal       = {Stochastic Process. Appl.},
  mrclass       = {60G15 (60H05)},
  mrnumber      = {2218338},
  mrreviewer    = {Ivan\ Nourdin},
  number        = {5},
  pages         = {830--856},
  title         = {On bifractional {B}rownian motion},
  url           = {https://doi.org/10.1016/j.spa.2005.11.013},
  volume        = {116},
  year          = {2006}
}
