@incollection{rvaceva:62:on,
 author = {Rva\v{c}eva, E. L.},
 booktitle = {Select. {T}ransl. {M}ath. {S}tatist. and {P}robability,
{V}ol. 2},
 mrclass = {60.20 (60.30)},
 mrnumber = {150795},
 pages = {183--205},
 publisher = {Amer. Math. Soc., Providence, RI},
 title = {On domains of attraction of multi-dimensional
distributions},
 year = {1962}
}
