@article{ryang.saito.ea:85:canonical,
  author        = {Ryang, Shijong and Saito, Takesi and Shigemoto, Kazuyasu},
  doi           = {10.1143/PTP.73.1295},
  fjournal      = {Progress of Theoretical Physics},
  issn          = {0033-068X},
  journal       = {Progr. Theoret. Phys.},
  mrclass       = {81C20 (81D07)},
  mrnumber      = {797369},
  number        = {5},
  pages         = {1295--1298},
  title         = {Canonical stochastic quantization},
  url           = {https://doi.org/10.1143/PTP.73.1295},
  volume        = {73},
  year          = {1985}
}
