@article{sabri.xu.ea:20:elucidating,
 author = {Sabri, Adal and Xu, Xinran and Krapf, Diego and Weiss, Matthias},
 doi = {10.1103/PhysRevLett.125.058101},
 issue = {5},
 journal = {Phys. Rev. Lett.},
 month = {Jul},
 numpages = {6},
 pages = {058101},
 publisher = {American Physical Society},
 title = {Elucidating the Origin of Heterogeneous Anomalous Diffusion in the Cytoplasm of Mammalian Cells},
 url = {https://link.aps.org/doi/10.1103/PhysRevLett.125.058101},
 volume = {125},
 year = {2020}
}
