@article{sadhu.derrida:16:correlations,
 author = {Sadhu, Tridib and Derrida, Bernard},
 doi = {10.1088/1742-5468/2016/11/113202},
 fjournal = {Journal of Statistical Mechanics: Theory and Experiment},
 issn = {1742-5468},
 journal = {J. Stat. Mech. Theory Exp.},
 mrclass = {82C22},
 mrnumber = {3580974},
 number = {11},
 pages = {113202, 29},
 title = {Correlations of the density and of the current in
non-equilibrium diffusive systems},
 url = {https://doi.org/10.1088/1742-5468/2016/11/113202},
 year = {2016}
}
