@article{sagi.brook.ea:12:observation,
  author        = {Sagi, Yoav and Brook, Miri and Almog, Ido and Davidson, Nir},
  doi           = {10.1103/PhysRevLett.108.093002},
  issue         = {9},
  journal       = {Phys. Rev. Lett.},
  month         = {Mar},
  numpages      = {4},
  pages         = {093002},
  publisher     = {American Physical Society},
  title         = {Observation of Anomalous Diffusion and Fractional Self-Similarity in One Dimension},
  url           = {https://link.aps.org/doi/10.1103/PhysRevLett.108.093002},
  volume        = {108},
  year          = {2012}
}
