@article{saito:12:error,
 author = {Saito, Norikazu},
 doi = {10.3934/cpaa.2012.11.339},
 fjournal = {Communications on Pure and Applied Analysis},
 issn = {1534-0392},
 journal = {Commun. Pure Appl. Anal.},
 mrclass = {65M60 (35K51 65M15 92C17)},
 mrnumber = {2833351},
 mrreviewer = {B\"{u}lent Karas\"{o}zen},
 number = {1},
 pages = {339--364},
 title = {Error analysis of a conservative finite-element approximation for the {K}eller-{S}egel system of chemotaxis},
 url = {https://doi.org/10.3934/cpaa.2012.11.339},
 volume = {11},
 year = {2012}
}
