@article{saito:07:conservative,
  author        = {Saito, Norikazu},
  doi           = {10.1093/imanum/drl018},
  fjournal      = {IMA Journal of Numerical Analysis},
  issn          = {0272-4979},
  journal       = {IMA J. Numer. Anal.},
  mrclass       = {65M15 (35K50 65M60 92C17)},
  mrnumber      = {2317007},
  mrreviewer    = {Andreas Veeser},
  number        = {2},
  pages         = {332--365},
  title         = {Conservative upwind finite-element method for a simplified {K}eller-{S}egel system modelling chemotaxis},
  url           = {https://doi.org/10.1093/imanum/drl018},
  volume        = {27},
  year          = {2007}
}
