@article{salako.shen:19:global,
  author        = {Salako, Rachidi B. and Shen, Wenxian},
  doi           = {10.1007/s10884-017-9602-6},
  fjournal      = {Journal of Dynamics and Differential Equations},
  issn          = {1040-7294,1572-9222},
  journal       = {J. Dynam. Differential Equations},
  mrclass       = {92C17 (35B35 35B40 35K57 35M33 35Q92)},
  mrnumber      = {3992073},
  number        = {3},
  pages         = {1301--1325},
  title         = {Global classical solutions, stability of constant equilibria, and spreading speeds in attraction-repulsion chemotaxis systems with logistic source on {$\Bbb R^N$}},
  url           = {https://doi.org/10.1007/s10884-017-9602-6},
  volume        = {31},
  year          = {2019}
}
