@article{salako.shen:18:parabolic-elliptic*1,
 author = {Salako, Rachidi B. and Shen, Wenxian},
 doi = {10.1142/S0218202518400146},
 fjournal = {Mathematical Models and Methods in Applied Sciences},
 issn = {0218-2025,1793-6314},
 journal = {Math. Models Methods Appl. Sci.},
 mrclass = {92C17 (35B35 35B40 35K57 35M31 35Q92)},
 mrnumber = {3864868},
 number = {11},
 pages = {2237--2273},
 title = {Parabolic-elliptic chemotaxis model with
space-time-dependent logistic sources on {$\Bbb{R}^N$}.
{I}. {P}ersistence and asymptotic spreading},
 url = {https://doi.org/10.1142/S0218202518400146},
 volume = {28},
 year = {2018}
}
