@article{salako.shen:20:traveling,
  author        = {Salako, Rachidi B. and Shen, Wenxian},
  fjournal      = {Electronic Journal of Differential Equations},
  issn          = {1072-6691},
  journal       = {Electron. J. Differential Equations},
  mrclass       = {35K51 (35B35 35B40 35C07 35K57 35Q92 92C17)},
  mrnumber      = {4113451},
  pages         = {Paper No. 53, 18},
  title         = {Traveling wave solutions for fully parabolic {K}eller-{S}egel chemotaxis systems with a logistic source},
  year          = {2020}
}
