@article{salako.shen:19:long-time,
 author = {Salako, Rachidi B. and Shen, Wenxian},
 doi = {10.1142/S0219493719500461},
 fjournal = {Stochastics and Dynamics},
 issn = {0219-4937,1793-6799},
 journal = {Stoch. Dyn.},
 mrclass = {35R60 (35B35 35B40 35K57 35K91 35Q92 92C17)},
 mrnumber = {4033005},
 mrreviewer = {Isamu\ D\^{o}ku},
 number = {6},
 pages = {1950046, 31},
 title = {Long-time behavior of random and nonautonomous {F}isher-{KPP} equations. {P}art {II}. {T}ransition fronts},
 url = {https://doi.org/10.1142/S0219493719500461},
 volume = {19},
 year = {2019}
}
