@article{salins.spiliopoulos:17:markov,
  author        = {Salins, Michael and Spiliopoulos, Konstantinos},
  doi           = {10.1142/S0219493717500423},
  fjournal      = {Stochastics and Dynamics},
  issn          = {0219-4937},
  journal       = {Stoch. Dyn.},
  mrclass       = {60J60 (60G17 60H10 60J55 60J65)},
  mrnumber      = {3685635},
  number        = {6},
  pages         = {1750042, 21},
  title         = {Markov processes with spatial delay: path space characterization, occupation time and properties},
  url           = {https://doi.org/10.1142/S0219493717500423},
  volume        = {17},
  year          = {2017}
}
