@article{salins:19:equivalences,
 author = {Salins, Michael},
 doi = {10.1214/18-PS309},
 fjournal = {Probability Surveys},
 journal = {Probab. Surv.},
 mrclass = {60F10 (60H15)},
 mrnumber = {3960292},
 mrreviewer = {Leila Setayeshgar},
 pages = {99--142},
 title = {Equivalences and counterexamples between several definitions of the uniform large deviations principle},
 url = {https://doi.org/10.1214/18-PS309},
 volume = {16},
 year = {2019}
}
