@article{salins:22:global,
  author        = {Salins, Michael},
  doi           = {10.1090/tran/8763},
  fjournal      = {Transactions of the American Mathematical Society},
  issn          = {0002-9947},
  journal       = {Trans. Amer. Math. Soc.},
  mrclass       = {60H15},
  mrnumber      = {4491446},
  number        = {11},
  pages         = {8083--8099},
  title         = {Global solutions to the stochastic reaction-diffusion equation with superlinear accretive reaction term and superlinear multiplicative noise term on a bounded spatial domain},
  url           = {https://doi.org/10.1090/tran/8763},
  volume        = {375},
  year          = {2022}
}
