@article{salins:21:global,
  author        = {Michael Salins},
  journal       = {Preprint arXiv:2110.10130},
  month         = {October},
  title         = {Global solutions to the stochastic heat equation with superlinear accretive reaction term and superlinear multiplicative noise term on a bounded spatial domain},
  url           = {https://www.arxiv.org/abs/2110.10130},
  year          = {2021}
}
