@book{salins:15:asymptotic,
  author        = {Salins, Michael},
  isbn          = {978-1321-88288-9},
  mrclass       = {Thesis},
  mrnumber      = {3407420},
  note          = {Thesis (Ph.D.)--University of Maryland, College Park},
  pages         = {141},
  publisher     = {ProQuest LLC, Ann Arbor, MI},
  title         = {Asymptotic problems for stochastic partial differential equations},
  url           = {http://gateway.proquest.com/openurl?url\_ver=Z39.88-2004\&rft\_val\_fmt=info:ofi/fmt:kev:mtx:dissertation\&res\_dat=xri:pqm\&rft\_dat=xri:pqdiss:3711843},
  year          = {2015}
}
