@article{santalla.ferreira:18:eden,
 author = {Santalla, Silvia N. and Ferreira, Silvio C.},
 doi = {10.1103/PhysRevE.98.022405},
 issue = {2},
 journal = {Phys. Rev. E},
 month = {Aug},
 numpages = {7},
 pages = {022405},
 publisher = {American Physical Society},
 title = {Eden model with nonlocal growth rules and kinetic
roughening in biological systems},
 url = {https://link.aps.org/doi/10.1103/PhysRevE.98.022405},
 volume = {98},
 year = {2018}
}
