@incollection{sanz-sole.sarra:02:holder,
 author = {Sanz-Sol\'{e}, Marta and Sarr\`a, M\`onica},
 booktitle = {Seminar on {S}tochastic {A}nalysis, {R}andom {F}ields and
{A}pplications, {III} ({A}scona, 1999)},
 mrclass = {60H15},
 mrnumber = {1958822},
 mrreviewer = {Achim Klenke},
 pages = {259--268},
 publisher = {Birkh\"{a}user, Basel},
 series = {Progr. Probab.},
 title = {H\"{o}lder continuity for the stochastic heat equation
with spatially correlated noise},
 volume = {52},
 year = {2002}
}
