@article{sanz-sole.torrecilla:09:fractional,
 author = {Sanz-Sol\'{e}, Marta and Torrecilla, Iv\'{a}n},
 doi = {10.1142/S0219493709002762},
 fjournal = {Stochastics and Dynamics},
 issn = {0219-4937},
 journal = {Stoch. Dyn.},
 mrclass = {60H15 (60H35)},
 mrnumber = {2589036},
 mrreviewer = {Gon\c{c}alo Dos Reis},
 number = {4},
 pages = {519--548},
 title = {A fractional {P}oisson equation: existence, regularity and approximations of the solution},
 url = {https://doi.org/10.1142/S0219493709002762},
 volume = {9},
 year = {2009}
}
