@article{sanz-sole.torrecilla-tarantino:07:probability,
 author = {Sanz-Sol\'{e}, Marta and Torrecilla-Tarantino, Iv\'{a}n},
 doi = {10.1051/ps:2007024},
 fjournal = {ESAIM. Probability and Statistics},
 issn = {1292-8100},
 journal = {ESAIM Probab. Stat.},
 mrclass = {60H15 (60G60 60H07)},
 mrnumber = {2339298},
 mrreviewer = {Erika Hausenblas},
 pages = {365--380},
 title = {Probability density for a hyperbolic {SPDE} with time dependent coefficients},
 url = {https://doi.org/10.1051/ps:2007024},
 volume = {11},
 year = {2007}
}
