@article{sanz:89:r-variations,
 author = {Sanz, Marta},
 doi = {10.1016/0304-4149(89)90054-9},
 fjournal = {Stochastic Processes and their Applications},
 issn = {0304-4149},
 journal = {Stochastic Process. Appl.},
 mrclass = {60G44 (60G60 60H05)},
 mrnumber = {1008909},
 mrreviewer = {Yu. S. Mishura},
 number = {1},
 pages = {69--92},
 title = {{$r$}-variations for two-parameter continuous martingales
and {I}t\^{o}'s formula},
 url = {https://doi.org/10.1016/0304-4149(89)90054-9},
 volume = {32},
 year = {1989}
}
