@incollection{sanz-sole:02:applications,
 author = {Sanz-Sol\'{e}, Marta},
 booktitle = {Stochastic partial differential equations and applications
({T}rento, 2002)},
 mrclass = {60H07 (60H15)},
 mrnumber = {1919522},
 pages = {429--442},
 publisher = {Dekker, New York},
 series = {Lecture Notes in Pure and Appl. Math.},
 title = {Applications of {M}alliavin calculus to {SPDE}'s},
 volume = {227},
 year = {2002}
}
