@article{sanz-sole.sarra:99:logarithmic,
  author        = {Sanz-Sol\'{e}, Marta and Sarr\`a, M\`onica},
  doi           = {10.1016/S0304-4149(98)00092-1},
  fjournal      = {Stochastic Processes and their Applications},
  issn          = {0304-4149},
  journal       = {Stochastic Process. Appl.},
  mrclass       = {60H10 (60H07)},
  mrnumber      = {1671855},
  mrreviewer    = {Jorge A. Le\'{o}n},
  number        = {2},
  pages         = {301--321},
  title         = {Logarithmic estimates for the density of an anticipating stochastic differential equation},
  url           = {https://doi.org/10.1016/S0304-4149(98)00092-1},
  volume        = {79},
  year          = {1999}
}
