@article{sanz-sole.malliavin:08:smoothness,
 author = {Sanz-Sol\'{e}, Marta and Malliavin, Paul},
 doi = {10.1007/s11401-007-0508-1},
 fjournal = {Chinese Annals of Mathematics. Series B},
 issn = {0252-9599},
 journal = {Chin. Ann. Math. Ser. B},
 mrclass = {60H15 (60H07)},
 mrnumber = {2392327},
 mrreviewer = {Mark A. McKibben},
 number = {2},
 pages = {113--120},
 title = {Smoothness of the functional law generated by a nonlinear {SPDE}},
 url = {https://doi.org/10.1007/s11401-007-0508-1},
 volume = {29},
 year = {2008}
}
