@incollection{sanz-sole.su:16:non-elliptic,
  author        = {Sanz-Sol\'{e}, Marta and S\"{u}\ss , Andr\'{e}},
  booktitle     = {Stochastics of environmental and financial economics---{C}entre of {A}dvanced {S}tudy, {O}slo, {N}orway, 2014--2015},
  doi           = {10.1007/978-3-319-23425-0\_5},
  mrclass       = {60H15 (35R60 60G57 60H07)},
  mrnumber      = {3451171},
  mrreviewer    = {Xiaobin Sun},
  pages         = {121--144},
  publisher     = {Springer, Cham},
  series        = {Springer Proc. Math. Stat.},
  title         = {Non-elliptic {SPDE}s and ambit fields: existence of densities},
  url           = {https://doi.org/10.1007/978-3-319-23425-0\_5},
  volume        = {138},
  year          = {2016}
}
