@article{sanz-sole:78:stochastic,
 author = {Sanz Sol\'{e}, Marta},
 fjournal = {Stochastica},
 issn = {0210-7821},
 journal = {Stochastica},
 mrclass = {60G60 (60H15)},
 mrnumber = {562434},
 mrreviewer = {Dominique L\'{e}pingle},
 number = {4},
 pages = {51--70},
 title = {Stochastic differential calculus for processes with {$n$}-dimensional parameter},
 volume = {2},
 year = {1978}
}
