@article{sanz-i-sole:92:combining,
  author        = {Sanz i Sol\'{e}, Marta},
  fjournal      = {Butllet\'{i} de la Societat Catalana de Matem\`atiques},
  issn          = {0214-316X},
  journal       = {Butl. Soc. Catalana Mat.},
  mrclass       = {01A05 (62-03)},
  mrnumber      = {1209915},
  number        = {7},
  pages         = {35--46},
  title         = {Combining observations and measuring uncertainty: history of an attempt to understand the world better},
  year          = {1992}
}
