@article{sanz-sole.vuillermot:03:equivalence,
 author = {Sanz-Sol\'{e}, Marta and Vuillermot, Pierre-A.},
 doi = {10.1016/S0246-0203(03)00015-3},
 fjournal = {Annales de l'Institut Henri Poincar\'{e}. Probabilit\'{e}s
et Statistiques},
 issn = {0246-0203},
 journal = {Ann. Inst. H. Poincar\'{e} Probab. Statist.},
 mrclass = {60H15 (35B65 35R60 60H40)},
 mrnumber = {1983176},
 mrreviewer = {Nicholas Frangos},
 number = {4},
 pages = {703--742},
 title = {Equivalence and {H}\"{o}lder-{S}obolev regularity of
solutions for a class of non-autonomous stochastic partial
differential equations},
 url = {https://doi.org/10.1016/S0246-0203(03)00015-3},
 volume = {39},
 year = {2003}
}
