@article{sardiu.alves.ea:05:score,
 author = {Sardiu, Mihaela E. and Alves, Gelio and Yu, Yi-Kuo},
 doi = {10.1103/PhysRevE.72.061917},
 fjournal = {Physical Review E. Statistical, Nonlinear, and Soft Matter Physics},
 issn = {1539-3755},
 journal = {Phys. Rev. E (3)},
 mrclass = {92D20 (82C43 82D60)},
 mrnumber = {2203644},
 number = {6},
 pages = {061917, 21},
 title = {Score statistics of global sequence alignment from the energy distribution of a modified directed polymer and directed percolation problem},
 url = {https://doi.org/10.1103/PhysRevE.72.061917},
 volume = {72},
 year = {2005}
}
