@article{sasamoto.spohn:10:crossover,
 author = {Sasamoto, Tomohiro and Spohn, Herbert},
 doi = {10.1007/s10955-010-9990-z},
 fjournal = {Journal of Statistical Physics},
 issn = {0022-4715},
 journal = {J. Stat. Phys.},
 mrclass = {82B31 (60K35)},
 mrnumber = {2659278},
 mrreviewer = {Patr\'{i}cia Gon\c{c}alves},
 number = {2},
 pages = {209--231},
 title = {The crossover regime for the weakly asymmetric simple
exclusion process},
 url = {https://doi.org/10.1007/s10955-010-9990-z},
 volume = {140},
 year = {2010}
}
