@book{sato:99:levy,
 author = {Sato, Ken-iti},
 isbn = {0-521-55302-4},
 mrclass = {60G51 (60E07 60G18 60G52 60J45)},
 mrnumber = {1739520},
 mrreviewer = {N. H. Bingham},
 note = {Translated from the 1990 Japanese original, Revised by the author},
 pages = {xii+486},
 publisher = {Cambridge University Press, Cambridge},
 series = {Cambridge Studies in Advanced Mathematics},
 title = {L\'{e}vy processes and infinitely divisible distributions},
 volume = {68},
 year = {1999}
}
