@article{schehr:12:extremes,
  author        = {Schehr, Gr\'{e}gory},
  doi           = {10.1007/s10955-012-0593-8},
  fjournal      = {Journal of Statistical Physics},
  issn          = {0022-4715},
  journal       = {J. Stat. Phys.},
  mrclass       = {82D60 (34M55 60G50 60K35)},
  mrnumber      = {2992794},
  mrreviewer    = {Flora Koukiou},
  number        = {3},
  pages         = {385--410},
  title         = {Extremes of {$N$} vicious walkers for large {$N$}: application to the directed polymer and {KPZ} interfaces},
  url           = {https://doi.org/10.1007/s10955-012-0593-8},
  volume        = {149},
  year          = {2012}
}
