@book{schilling.song.ea:10:bernstein,
  author        = {Schilling, Ren\'{e} L. and Song, Renming and Vondra\v{c}ek, Zoran},
  isbn          = {978-3-11-021530-4},
  mrclass       = {60E10 (31C05 33C99 43A35 44A10 47A57 47D06 60J65)},
  mrnumber      = {2598208},
  mrreviewer    = {Roman Urban},
  note          = {Theory and applications},
  pages         = {xii+313},
  publisher     = {Walter de Gruyter \& Co., Berlin},
  series        = {De Gruyter Studies in Mathematics},
  title         = {Bernstein functions},
  volume        = {37},
  year          = {2010}
}
