@article{schmidt.spitzer:60:toeplitz,
 author = {Schmidt, Palle and Spitzer, Frank},
 doi = {10.7146/math.scand.a-10588},
 fjournal = {Mathematica Scandinavica},
 issn = {0025-5521,1903-1807},
 journal = {Math. Scand.},
 mrclass = {30.30 (15.99)},
 mrnumber = {124665},
 mrreviewer = {H.\ Widom},
 pages = {15--38},
 title = {The {T}oeplitz matrices of an arbitrary {L}aurent polynomial},
 url = {https://doi.org/10.7146/math.scand.a-10588},
 volume = {8},
 year = {1960}
}
