@incollection{schneider:86:stable,
 author = {Schneider, W. R.},
 booktitle = {Stochastic processes in classical and quantum systems ({A}scona, 1985)},
 doi = {10.1007/3540171665\_92},
 mrclass = {60E07 (33A30)},
 mrnumber = {870201},
 mrreviewer = {A. M. Mathai},
 pages = {497--511},
 publisher = {Springer, Berlin},
 series = {Lecture Notes in Phys.},
 title = {Stable distributions: {F}ox functions representation and generalization},
 url = {https://doi.org/10.1007/3540171665_92},
 volume = {262},
 year = {1986}
}
