@article{schneider:96:completely,
 author = {Schneider, W. R.},
 fjournal = {Expositiones Mathematicae. International Journal},
 issn = {0723-0869},
 journal = {Exposition. Math.},
 mrclass = {33C99},
 mrnumber = {1382012},
 number = {1},
 pages = {3--16},
 title = {Completely monotone generalized {M}ittag-{L}effler
functions},
 volume = {14},
 year = {1996}
}
