@incollection{schnaubelt.veraar:11:stochastic,
  author        = {Schnaubelt, Roland and Veraar, Mark},
  booktitle     = {Parabolic problems},
  doi           = {10.1007/978-3-0348-0075-4\_30},
  isbn          = {978-3-0348-0074-7; 978-3-0348-0075-4},
  mrclass       = {60H15 (35B30 35R60 47D07)},
  mrnumber      = {3052598},
  pages         = {609--629},
  publisher     = {Birkh\"auser/Springer Basel AG, Basel},
  series        = {Progr. Nonlinear Differential Equations Appl.},
  title         = {Stochastic equations with boundary noise},
  url           = {https://doi.org/10.1007/978-3-0348-0075-4_30},
  volume        = {80},
  year          = {2011}
}
