@book{schramm:94:practical,
  author        = {Schramm, Gebhard},
  publisher     = {Haake Karlsruhe},
  title         = {A practical approach to rheology and rheometry},
  year          = {1994}
}
