@article{schutz:97:exact,
  author        = {Sch\"{u}tz, Gunter M.},
  doi           = {10.1007/BF02508478},
  fjournal      = {Journal of Statistical Physics},
  issn          = {0022-4715},
  journal       = {J. Statist. Phys.},
  mrclass       = {82C22},
  mrnumber      = {1468391},
  mrreviewer    = {B\'{a}lint T\'{o}th},
  number        = {1-2},
  pages         = {427--445},
  title         = {Exact solution of the master equation for the asymmetric exclusion process},
  url           = {https://doi.org/10.1007/BF02508478},
  volume        = {88},
  year          = {1997}
}
