@incollection{schumacher:85:diffusions,
 author = {Schumacher, Scott},
 booktitle = {Particle systems, random media and large deviations
({B}runswick, {M}aine, 1984)},
 doi = {10.1090/conm/041/814724},
 mrclass = {60F05 (60J60 82A42)},
 mrnumber = {814724},
 mrreviewer = {G. Papanicolaou},
 pages = {351--356},
 publisher = {Amer. Math. Soc., Providence, RI},
 series = {Contemp. Math.},
 title = {Diffusions with random coefficients},
 url = {https://doi.org/10.1090/conm/041/814724},
 volume = {41},
 year = {1985}
}
