@book{schulman:81:techniques,
  author        = {Schulman, Lawrence S.},
  isbn          = {0-471-76450-7},
  mrclass       = {81-02 (28C20 58D30 60J99 81C35)},
  mrnumber      = {601595},
  mrreviewer    = {Aubrey Truman},
  pages         = {xv+359},
  publisher     = {John Wiley \& Sons, Inc., New York},
  series        = {A Wiley-Interscience Publication},
  title         = {Techniques and applications of path integration},
  year          = {1981}
}
