@book{schweinhart:15:statistical,
 author = {Schweinhart, Benjamin},
 isbn = {978-1339-15686-6},
 mrclass = {Thesis},
 mrnumber = {3450144},
 note = {Thesis (Ph.D.)--Princeton University},
 pages = {138},
 publisher = {ProQuest LLC, Ann Arbor, MI},
 title = {Statistical {T}opology of {E}mbedded {G}raphs},
 url = {http://gateway.proquest.com/openurl?url_ver=Z39.88-2004&rft_val_fmt=info:ofi/fmt:kev:mtx:dissertation&res_dat=xri:pqm&rft_dat=xri:pqdiss:3729732},
 year = {2015}
}
