@article{seidler.zak:17:note,
 author = {Seidler, Jan and \v{Z}\'{a}k, Franti\v{s}ek},
 doi = {10.1214/17-ECP67},
 fjournal = {Electronic Communications in Probability},
 issn = {1083-589X},
 journal = {Electron. Commun. Probab.},
 mrclass = {60H15 (62L20)},
 mrnumber = {3666857},
 mrreviewer = {Charles-Edouard\ Br\'{e}hier},
 pages = {Paper No. 36, 13},
 title = {A note on continuous-time stochastic approximation in infinite dimensions},
 url = {https://doi.org/10.1214/17-ECP67},
 volume = {22},
 year = {2017}
}
