@article{seidler:97:ergodic,
 author = {Seidler, Jan},
 doi = {10.1023/A:1022821729545},
 fjournal = {Czechoslovak Mathematical Journal},
 issn = {0011-4642,1572-9141},
 journal = {Czechoslovak Math. J.},
 mrclass = {60H10 (35K99 35R60 60J35)},
 mrnumber = {1452421},
 mrreviewer = {Isabel\ Sim\~{a}o},
 number = {2},
 pages = {277--316},
 title = {Ergodic behaviour of stochastic parabolic equations},
 url = {https://doi.org/10.1023/A:1022821729545},
 volume = {47(122)},
 year = {1997}
}
