@article{seidler.tybl:23:stochastic,
  author        = {Seidler, Jan and T\'{y}bl, Ond\v{r}ej},
  doi           = {10.1007/s10957-023-02198-0},
  fjournal      = {Journal of Optimization Theory and Applications},
  issn          = {0022-3239,1573-2878},
  journal       = {J. Optim. Theory Appl.},
  mrclass       = {60H10 (62L20)},
  mrnumber      = {4590228},
  number        = {2},
  pages         = {817--837},
  title         = {Stochastic approximation procedures for {L}\'{e}vy-driven {SDE}s},
  url           = {https://doi.org/10.1007/s10957-023-02198-0},
  volume        = {197},
  year          = {2023}
}
