@book{seppalainen:91:large,
 author = {Seppalainen, Timo Olavi},
 mrclass = {Thesis},
 mrnumber = {2686279},
 note = {Thesis (Ph.D.)--University of Minnesota},
 pages = {201},
 publisher = {ProQuest LLC, Ann Arbor, MI},
 title = {Large deviations for processes with stationarily random
distributions},
 url = {http://gateway.proquest.com/openurl?url_ver=Z39.88-2004&rft_val_fmt=info:ofi/fmt:kev:mtx:dissertation&res_dat=xri:pqdiss&rft_dat=xri:pqdiss:9130200},
 year = {1991}
}
