@article{seppalainen:97:increasing,
  author        = {Sepp\"{a}l\"{a}inen, Timo},
  doi           = {10.1214/aoap/1043862416},
  fjournal      = {The Annals of Applied Probability},
  issn          = {1050-5164},
  journal       = {Ann. Appl. Probab.},
  mrclass       = {60K35},
  mrnumber      = {1484789},
  mrreviewer    = {Bernard Ycart},
  number        = {4},
  pages         = {886--898},
  title         = {Increasing sequences of independent points on the planar lattice},
  url           = {https://doi.org/10.1214/aoap/1043862416},
  volume        = {7},
  year          = {1997}
}
