@incollection{seppalainen:18:corner,
 author = {Sepp\"{a}l\"{a}inen, Timo},
 booktitle = {Random growth models},
 doi = {10.1090/psapm/075},
 mrclass = {60K35 (60K37 82B43)},
 mrnumber = {3838898},
 mrreviewer = {Patr\'{i}cia Gon\c{c}alves},
 pages = {133--201},
 publisher = {Amer. Math. Soc., Providence, RI},
 series = {Proc. Sympos. Appl. Math.},
 title = {The corner growth model with exponential weights},
 url = {https://doi.org/10.1090/psapm/075},
 volume = {75},
 year = {2018}
}
