@article{seppalainen.krug:99:hydrodynamics,
  author        = {Sepp\"{a}l\"{a}inen, Timo and Krug, Joachim},
  fjournal      = {Journal of Statistical Physics},
  issn          = {0022-4715},
  journal       = {J. Statist. Phys.},
  mrclass       = {60K35 (82C22 82C44)},
  mrnumber      = {1700871},
  mrreviewer    = {Ellen Saada},
  number        = {3-4},
  pages         = {525--567},
  title         = {Hydrodynamics and platoon formation for a totally asymmetric exclusion model with particlewise disorder},
  volume        = {95},
  year          = {1999}
}
