@article{seppalainen:05:second-order,
 author = {Sepp\"{a}l\"{a}inen, Timo},
 doi = {10.1214/009117904000000946},
 fjournal = {The Annals of Probability},
 issn = {0091-1798},
 journal = {Ann. Probab.},
 mrclass = {60K35 (82C22)},
 mrnumber = {2123209},
 mrreviewer = {Ellen Saada},
 number = {2},
 pages = {759--797},
 title = {Second-order fluctuations and current across characteristic for a one-dimensional growth model of independent random walks},
 url = {https://doi.org/10.1214/009117904000000946},
 volume = {33},
 year = {2005}
}
