@article{seppalainen:93:large*1,
 author = {Sepp\"{a}l\"{a}inen, Timo},
 doi = {10.1007/BF01199314},
 fjournal = {Probability Theory and Related Fields},
 issn = {0178-8051},
 journal = {Probab. Theory Related Fields},
 mrclass = {60F10 (60G60)},
 mrnumber = {1240718},
 mrreviewer = {Francis Comets},
 number = {1-2},
 pages = {103--112},
 title = {Large deviations for lattice systems. {II}.
{N}onstationary independent fields},
 url = {https://doi.org/10.1007/BF01199314},
 volume = {97},
 year = {1993}
}
