@article{seppalainen:20:existence,
  author        = {Sepp\"{a}l\"{a}inen, Timo},
  doi           = {10.1214/19-AIHP1016},
  fjournal      = {Annales de l'Institut Henri Poincar\'{e} Probabilit\'{e}s et Statistiques},
  issn          = {0246-0203},
  journal       = {Ann. Inst. Henri Poincar\'{e} Probab. Stat.},
  mrclass       = {60K35 (60K37)},
  mrnumber      = {4116707},
  mrreviewer    = {Daniel Boivin},
  number        = {3},
  pages         = {1775--1791},
  title         = {Existence, uniqueness and coalescence of directed planar geodesics: proof via the increment-stationary growth process},
  url           = {https://doi.org/10.1214/19-AIHP1016},
  volume        = {56},
  year          = {2020}
}
