@incollection{seppalainen:00:variational,
 author = {Sepp\"{a}l\"{a}inen, Timo},
 booktitle = {Hydrodynamic limits and related topics ({T}oronto, {ON},
1998)},
 mrclass = {60K35 (82C22 90B20)},
 mrnumber = {1798648},
 mrreviewer = {Pablo A. Ferrari},
 pages = {117--130},
 publisher = {Amer. Math. Soc., Providence, RI},
 series = {Fields Inst. Commun.},
 title = {A variational coupling for a totally asymmetric exclusion
process with long jumps but no passing},
 volume = {27},
 year = {2000}
}
