@article{seppalainen:02:diffusive,
 author = {Sepp\"{a}l\"{a}inen, Timo},
 doi = {10.1007/s002200200660},
 fjournal = {Communications in Mathematical Physics},
 issn = {0010-3616},
 journal = {Comm. Math. Phys.},
 mrclass = {82C22 (60F05 60K35 82C05)},
 mrnumber = {1917677},
 mrreviewer = {Ellen Saada},
 number = {1},
 pages = {141--182},
 title = {Diffusive fluctuations for one-dimensional totally
asymmetric interacting random dynamics},
 url = {https://doi.org/10.1007/s002200200660},
 volume = {229},
 year = {2002}
}
