@incollection{seppalainen:07:growth,
 author = {Sepp\"{a}l\"{a}inen, Timo},
 booktitle = {Asymptotics: particles, processes and inverse problems},
 doi = {10.1214/074921707000000373},
 mrclass = {60K35 (82C22)},
 mrnumber = {2459941},
 mrreviewer = {N. N. Ganikhodjaev},
 pages = {204--233},
 publisher = {Inst. Math. Statist., Beachwood, OH},
 series = {IMS Lecture Notes Monogr. Ser.},
 title = {A growth model in multiple dimensions and the height of a
random partial order},
 url = {https://doi.org/10.1214/074921707000000373},
 volume = {55},
 year = {2007}
}
