@article{seppalainen.yukich:01:large,
 author = {Sepp\"{a}l\"{a}inen, Timo and Yukich, J. E.},
 doi = {10.1007/PL00008785},
 fjournal = {Probability Theory and Related Fields},
 issn = {0178-8051},
 journal = {Probab. Theory Related Fields},
 mrclass = {60F10 (05C35 60D05)},
 mrnumber = {1843178},
 mrreviewer = {J. H\"{u}sler},
 number = {3},
 pages = {309--345},
 title = {Large deviation principles for {E}uclidean functionals and other nearly additive processes},
 url = {https://doi.org/10.1007/PL00008785},
 volume = {120},
 year = {2001}
}
