@article{seredynska.hanyga:00:nonlinear,
 author = {Seredy\'{n}ska, M. and Hanyga, A.},
 doi = {10.1063/1.533231},
 fjournal = {Journal of Mathematical Physics},
 issn = {0022-2488,1089-7658},
 journal = {J. Math. Phys.},
 mrclass = {34A34 (26A33 34C15 34G25 37J99 45J05)},
 mrnumber = {1751881},
 number = {4},
 pages = {2135--2156},
 title = {Nonlinear {H}amiltonian equations with fractional damping},
 url = {https://doi.org/10.1063/1.533231},
 volume = {41},
 year = {2000}
}
