@article{serfaty:20:mean,
 author = {Serfaty, Sylvia},
 doi = {10.1215/00127094-2020-0019},
 fjournal = {Duke Mathematical Journal},
 issn = {0012-7094},
 journal = {Duke Math. J.},
 mrclass = {35Q82 (82C22)},
 mrnumber = {4158670},
 note = {With an appendix by Mitia Duerinckx and Serfaty},
 number = {15},
 pages = {2887--2935},
 title = {Mean field limit for {C}oulomb-type flows},
 url = {https://doi.org/10.1215/00127094-2020-0019},
 volume = {169},
 year = {2020}
}
