@article{shang.zhai.ea:19:strong,
 author = {Shang, Shijie and Zhai, Jianliang and Zhang, Tusheng},
 doi = {10.1016/j.jmaa.2018.10.068},
 fjournal = {Journal of Mathematical Analysis and Applications},
 issn = {0022-247X},
 journal = {J. Math. Anal. Appl.},
 mrclass = {76D03 (35D35 35Q35 35R60 60H30 76A05)},
 mrnumber = {3906317},
 mrreviewer = {Hee Chul Pak},
 number = {1-2},
 pages = {126--146},
 title = {Strong solutions for a stochastic model of two-dimensional second grade fluids driven by {L}\'{e}vy noise},
 url = {https://doi.org/10.1016/j.jmaa.2018.10.068},
 volume = {471},
 year = {2019}
}
