@article{shang.zhang:21:global,
 author = {Shijie Shang and Tusheng Zhang},
 journal = {Preprint arXiv:2106.02879},
 month = {June},
 title = {Global well-posedness to stochastic reaction-diffusion
equations on the real line $\mathbb{R}$ with superlinear
drifts driven by multiplicative space-time white noise},
 url = {http://arXiv.org/abs/2106.02879},
 year = {2021}
}
