@article{shangerganesh.barani-balan.ea:14:existence,
 author = {Shangerganesh, L. and Barani Balan, N. and Balachandran,
K.},
 doi = {10.11650/tjm.18.2014.3080},
 fjournal = {Taiwanese Journal of Mathematics},
 issn = {1027-5487},
 journal = {Taiwanese J. Math.},
 mrclass = {35K51 (35A01 35A02 35D30 35K59 35K65 92C17)},
 mrnumber = {3265079},
 number = {5},
 pages = {1605--1622},
 title = {Existence and uniqueness of solutions of degenerate
chemotaxis system},
 url = {https://doi.org/10.11650/tjm.18.2014.3080},
 volume = {18},
 year = {2014}
}
