@article{shandarin.zeldovich:84:topological,
  author        = {Shandarin, S. F. and Zeldovich, Ya. B.},
  doi           = {10.1103/PhysRevLett.52.1488},
  issue         = {17},
  journal       = {Phys. Rev. Lett.},
  month         = {Apr},
  numpages      = {0},
  pages         = {1488--1491},
  publisher     = {American Physical Society},
  title         = {Topological Mapping Properties of Collisionless Potential and Vortex Motion},
  url           = {https://link.aps.org/doi/10.1103/PhysRevLett.52.1488},
  volume        = {52},
  year          = {1984}
}
