@article{shang.zhang:22:stochastic,
 author = {Shang, Shijie and Zhang, Tusheng},
 doi = {10.1016/j.jde.2021.12.033},
 fjournal = {Journal of Differential Equations},
 issn = {0022-0396},
 journal = {J. Differential Equations},
 mrclass = {60H15 (35R60)},
 mrnumber = {4362370},
 mrreviewer = {Jinlong Wei},
 pages = {85--121},
 title = {Stochastic heat equations with logarithmic nonlinearity},
 url = {https://doi.org/10.1016/j.jde.2021.12.033},
 volume = {313},
 year = {2022}
}
