@article{sheffield:05:random,
  author        = {Sheffield, Scott},
  fjournal      = {Ast\'{e}risque},
  issn          = {0303-1179},
  journal       = {Ast\'{e}risque},
  mrclass       = {82B41 (60D05 82-02 82B24)},
  mrnumber      = {2251117},
  mrreviewer    = {Richard Kenyon},
  number        = {304},
  pages         = {vi+175},
  title         = {Random surfaces},
  year          = {2005}
}
