@article{shen:07:relationship,
  author        = {Shen, Zhongwei},
  doi           = {10.4310/MRL.2007.v14.n2.a4},
  fjournal      = {Mathematical Research Letters},
  issn          = {1073-2780},
  journal       = {Math. Res. Lett.},
  mrclass       = {35J25 (35B65)},
  mrnumber      = {2318619},
  number        = {2},
  pages         = {205--213},
  title         = {A relationship between the {D}irichlet and regularity problems for elliptic equations},
  url           = {https://doi.org/10.4310/MRL.2007.v14.n2.a4},
  volume        = {14},
  year          = {2007}
}
