@article{shen.xue:22:spreading,
  author        = {Shen, Wenxian and Xue, Shuwen},
  doi           = {10.3934/dcdss.2022074},
  fjournal      = {Discrete and Continuous Dynamical Systems. Series S},
  issn          = {1937-1632,1937-1179},
  journal       = {Discrete Contin. Dyn. Syst. Ser. S},
  mrclass       = {35K57 (35B40 35Q92 92C17)},
  mrnumber      = {4470553},
  number        = {10},
  pages         = {2981--3002},
  title         = {Spreading speeds of a parabolic-parabolic chemotaxis model with logistic source on {$\Bbb{R}^N$}},
  url           = {https://doi.org/10.3934/dcdss.2022074},
  volume        = {15},
  year          = {2022}
}
