@article{shen:91:dynamical,
  author        = {Shen, Wen Xian},
  fjournal      = {Chinese Annals of Mathematics. Series B. Shuxue Niankan. B Ji},
  issn          = {0252-9599},
  journal       = {Chinese Ann. Math. Ser. B},
  mrclass       = {34C15 (58F27 78A55)},
  mrnumber      = {1112247},
  mrreviewer    = {R.\ Dil\~{a}o},
  note          = {A Chinese summary appears in Chinese Ann. Math. Ser. A {\bf 12} (1991), no. 2, 258},
  number        = {2},
  pages         = {137--146},
  title         = {Dynamical behavior in the equation of {J}-{J} type with large {DC}-current},
  volume        = {12},
  year          = {1991}
}
