@article{shen.zhang:10:spreading,
 author = {Shen, Wenxian and Zhang, Aijun},
 doi = {10.1016/j.jde.2010.04.012},
 fjournal = {Journal of Differential Equations},
 issn = {0022-0396,1090-2732},
 journal = {J. Differential Equations},
 mrclass = {45K05 (35R09 47G10 92D25)},
 mrnumber = {2652153},
 number = {4},
 pages = {747--795},
 title = {Spreading speeds for monostable equations with nonlocal dispersal in space periodic habitats},
 url = {https://doi.org/10.1016/j.jde.2010.04.012},
 volume = {249},
 year = {2010}
}
