@article{shen.zhang:12:traveling,
  author        = {Shen, Wenxian and Zhang, Aijun},
  fjournal      = {Communications on Applied Nonlinear Analysis},
  issn          = {1074-133X},
  journal       = {Comm. Appl. Nonlinear Anal.},
  mrclass       = {35R09 (35C07 45G10 47G20 92D25)},
  mrnumber      = {2978683},
  number        = {3},
  pages         = {73--101},
  title         = {Traveling wave solutions of spatially periodic nonlocal monostable equations},
  volume        = {19},
  year          = {2012}
}
