@article{shen.wang.ea:19:long-time,
 author = {Shen, Wenxian and Wang, Yi and Zhou, Dun},
 doi = {10.1016/j.jde.2018.07.073},
 fjournal = {Journal of Differential Equations},
 issn = {0022-0396,1090-2732},
 journal = {J. Differential Equations},
 mrclass = {35K59 (35B15 35B40 35K57)},
 mrnumber = {3906218},
 mrreviewer = {Christian\ Stinner},
 number = {2-3},
 pages = {1377--1413},
 title = {Long-time behavior of almost periodically forced parabolic equations on the circle},
 url = {https://doi.org/10.1016/j.jde.2018.07.073},
 volume = {266},
 year = {2019}
}
