@incollection{shen:01:dynamical,
 author = {Shen, Wenxian},
 doi = {10.1006/jdeq.2000.3906},
 fjournal = {Journal of Differential Equations},
 issn = {0022-0396,1090-2732},
 journal = {J. Differential Equations},
 mrclass = {37L99 (34C27 35B15 35K55)},
 mrnumber = {1808473},
 mrreviewer = {Stephen\ A.\ Gourley},
 note = {Special issue in celebration of Jack K. Hale's 70th
birthday, Part 4 (Atlanta, GA/Lisbon, 1998)},
 number = {2},
 pages = {493--548},
 title = {Dynamical systems and traveling waves in almost periodic
structures},
 url = {https://doi.org/10.1006/jdeq.2000.3906},
 volume = {169},
 year = {2001}
}
