@article{shen.yi:96:ergodicity,
  author        = {Shen, Wenxian and Yi, Yingfei},
  doi           = {10.1007/BF02218894},
  fjournal      = {Journal of Dynamics and Differential Equations},
  issn          = {1040-7294,1572-9222},
  journal       = {J. Dynam. Differential Equations},
  mrclass       = {58F39 (35B40 35K60 58F11)},
  mrnumber      = {1388876},
  mrreviewer    = {Janusz\ Mierczy\'{n}ski},
  number        = {2},
  pages         = {299--323},
  title         = {Ergodicity of minimal sets in scalar parabolic equations},
  url           = {https://doi.org/10.1007/BF02218894},
  volume        = {8},
  year          = {1996}
}
