@article{shen.van-vleck:94:bifurcation,
 author = {Shen, Wen Xian and Van Vleck, Erik S.},
 fjournal = {Random \& Computational Dynamics},
 issn = {1061-835X},
 journal = {Random Comput. Dynam.},
 mrclass = {35B32 (35Q99 80A25)},
 mrnumber = {1274637},
 number = {2},
 pages = {227--245},
 title = {Bifurcation phenomena in a condensed two-phase combustion
model},
 volume = {2},
 year = {1994}
}
