@article{shen.vickers:07:spectral,
 author = {Shen, W. and Vickers, G. T.},
 doi = {10.1016/j.jde.2006.12.015},
 fjournal = {Journal of Differential Equations},
 issn = {0022-0396,1090-2732},
 journal = {J. Differential Equations},
 mrclass = {35K55 (35P15 37H15 39A70 45A05 47B60 47D06 47G20)},
 mrnumber = {2309574},
 mrreviewer = {Sergey\ G.\ Pyatkov},
 number = {1},
 pages = {262--297},
 title = {Spectral theory for general nonautonomous/random dispersal
evolution operators},
 url = {https://doi.org/10.1016/j.jde.2006.12.015},
 volume = {235},
 year = {2007}
}
