@article{shen.zhou.ea:10:one-dimensional,
 author = {Shen, Zhongwei and Zhou, Shengfan and Shen, Wenxian},
 doi = {10.1016/j.jde.2009.10.007},
 fjournal = {Journal of Differential Equations},
 issn = {0022-0396,1090-2732},
 journal = {J. Differential Equations},
 mrclass = {60H10},
 mrnumber = {2593049},
 number = {6},
 pages = {1432--1457},
 title = {One-dimensional random attractor and rotation number of the stochastic damped sine-{G}ordon equation},
 url = {https://doi.org/10.1016/j.jde.2009.10.007},
 volume = {248},
 year = {2010}
}
