@article{shen.xie:15:approximations,
 author = {Shen, Wenxian and Xie, Xiaoxia},
 doi = {10.1016/j.jde.2015.08.026},
 fjournal = {Journal of Differential Equations},
 issn = {0022-0396,1090-2732},
 journal = {J. Differential Equations},
 mrclass = {35K57 (35A35 35K20 35K91 35R09 45C05 45J05 92D25)},
 mrnumber = {3401600},
 mrreviewer = {Christopher\ P.\ Grant},
 number = {12},
 pages = {7375--7405},
 title = {Approximations of random dispersal operators/equations by
nonlocal dispersal operators/equations},
 url = {https://doi.org/10.1016/j.jde.2015.08.026},
 volume = {259},
 year = {2015}
}
