@article{shen.wang:08:carrying,
 author = {Shen, Wenxian and Wang, Yi},
 doi = {10.1016/j.jde.2008.03.024},
 fjournal = {Journal of Differential Equations},
 issn = {0022-0396,1090-2732},
 journal = {J. Differential Equations},
 mrclass = {37B55 (34C12 34D45 34F05 37H10 37N25 92D25)},
 mrnumber = {2422708},
 mrreviewer = {Wendi\ Wang},
 number = {1},
 pages = {1--29},
 title = {Carrying simplices in nonautonomous and random competitive
{K}olmogorov systems},
 url = {https://doi.org/10.1016/j.jde.2008.03.024},
 volume = {245},
 year = {2008}
}
