@article{shen.xue:22:persistence,
 author = {Shen, Wenxian and Xue, Shuwen},
 doi = {10.3934/dcds.2022003},
 fjournal = {Discrete and Continuous Dynamical Systems. Series A},
 issn = {1078-0947,1553-5231},
 journal = {Discrete Contin. Dyn. Syst.},
 mrclass = {92C17 (35A01 35B35 35Q92)},
 mrnumber = {4421515},
 number = {6},
 pages = {2893--2925},
 title = {Persistence and convergence in parabolic-parabolic chemotaxis system with logistic source on {$\Bbb{R}^N$}},
 url = {https://doi.org/10.3934/dcds.2022003},
 volume = {42},
 year = {2022}
}
