@article{shen.tsai:19:stochastic,
 author = {Shen, Hao and Tsai, Li-Cheng},
 doi = {10.1090/proc/14415},
 fjournal = {Proceedings of the American Mathematical Society},
 issn = {0002-9939},
 journal = {Proc. Amer. Math. Soc.},
 mrclass = {60H15 (82B20)},
 mrnumber = {3951443},
 number = {6},
 pages = {2685--2705},
 title = {Stochastic telegraph equation limit for the stochastic six
vertex model},
 url = {https://doi.org/10.1090/proc/14415},
 volume = {147},
 year = {2019}
}
