@article{shen:04:traveling,
 author = {Shen, Wenxian},
 doi = {10.1007/s10884-004-7832-x},
 fjournal = {Journal of Dynamics and Differential Equations},
 issn = {1040-7294,1572-9222},
 journal = {J. Dynam. Differential Equations},
 mrclass = {35K57 (35K15 37H10 37L05)},
 mrnumber = {2110054},
 mrreviewer = {Bogdan\ A.\ Ka\'{z}mierczak},
 number = {4},
 pages = {1011--1060},
 title = {Traveling waves in diffusive random media},
 url = {https://doi.org/10.1007/s10884-004-7832-x},
 volume = {16},
 year = {2004}
}
