@article{shen.yi:95:asymptotic,
  author        = {Shen, Wen Xian and Yi, Yingfei},
  doi           = {10.1006/jdeq.1995.1152},
  fjournal      = {Journal of Differential Equations},
  issn          = {0022-0396,1090-2732},
  journal       = {J. Differential Equations},
  mrclass       = {35K55 (34G20 35B15 35B40 58F39)},
  mrnumber      = {1355896},
  mrreviewer    = {H.\ J.\ Kuiper},
  number        = {2},
  pages         = {373--397},
  title         = {Asymptotic almost periodicity of scalar parabolic equations with almost periodic time dependence},
  url           = {https://doi.org/10.1006/jdeq.1995.1152},
  volume        = {122},
  year          = {1995}
}
