@article{shen.shen.ea:13:asymptotic,
  author        = {Shen, Wenxian and Shen, Zhongwei and Zhou, Shengfan},
  doi           = {10.1142/S0219493713500020},
  fjournal      = {Stochastics and Dynamics},
  issn          = {0219-4937,1793-6799},
  journal       = {Stoch. Dyn.},
  mrclass       = {34F05 (34D45 37H10 60H10)},
  mrnumber      = {3116923},
  mrreviewer    = {Zaitang\ Huang},
  number        = {4},
  pages         = {1350002, 23},
  title         = {Asymptotic dynamics of a class of coupled oscillators driven by white noises},
  url           = {https://doi.org/10.1142/S0219493713500020},
  volume        = {13},
  year          = {2013}
}
