@article{shen.zhao:05:convergence,
 author = {Shen, Wenxian and Zhao, Xiao-Qiang},
 doi = {10.1090/S0002-9939-04-07556-2},
 fjournal = {Proceedings of the American Mathematical Society},
 issn = {0002-9939,1088-6826},
 journal = {Proc. Amer. Math. Soc.},
 mrclass = {34C12 (34C27 37B55)},
 mrnumber = {2085171},
 mrreviewer = {Addolorata\ Salvatore},
 number = {1},
 pages = {203--212},
 title = {Convergence in almost periodic cooperative systems with a
first integral},
 url = {https://doi.org/10.1090/S0002-9939-04-07556-2},
 volume = {133},
 year = {2005}
}
