@book{shen:92:stability,
  author        = {Shen, Wenxian},
  mrclass       = {99-05},
  mrnumber      = {2688384},
  note          = {Thesis (Ph.D.)--Georgia Institute of Technology},
  pages         = {101},
  publisher     = {ProQuest LLC, Ann Arbor, MI},
  title         = {Stability and bifurcation of traveling wave solutions},
  url           = {http://gateway.proquest.com/openurl?url\_ver=Z39.88-2004\&rft\_val\_fmt=info:ofi/fmt:kev:mtx:dissertation\&res\_dat=xri:pqdiss\&rft\_dat=xri:pqdiss:9303143},
  year          = {1992}
}
