@article{sherman:70:general,
 author = {Sherman, B.},
 doi = {10.1090/qam/282082},
 fjournal = {Quarterly of Applied Mathematics},
 issn = {0033-569X},
 journal = {Quart. Appl. Math.},
 mrclass = {35.78 (80.00)},
 mrnumber = {282082},
 mrreviewer = {A. D. Solomon},
 pages = {377--382},
 title = {A general one-phase {S}tefan problem},
 url = {https://doi.org/10.1090/qam/282082},
 volume = {28},
 year = {1970}
}
