@article{sherrington.kirkpatrick:75:solvable,
 author = {Sherrington, David and Kirkpatrick, Scott},
 doi = {10.1103/PhysRevLett.35.1792},
 issue = {26},
 journal = {Phys. Rev. Lett.},
 month = {Dec},
 numpages = {0},
 pages = {1792--1796},
 publisher = {American Physical Society},
 title = {Solvable Model of a Spin-Glass},
 url = {https://link.aps.org/doi/10.1103/PhysRevLett.35.1792},
 volume = {35},
 year = {1975}
}
