@article{shi:98:local,
 author = {Shi, Zhan},
 doi = {10.1016/S0304-4149(98)00036-2},
 fjournal = {Stochastic Processes and their Applications},
 issn = {0304-4149},
 journal = {Stochastic Process. Appl.},
 mrclass = {60K35 (60J15 60J55 60J60)},
 mrnumber = {1642673},
 mrreviewer = {Kiyoshi Kawazu},
 number = {2},
 pages = {231--250},
 title = {A local time curiosity in random environment},
 url = {https://doi.org/10.1016/S0304-4149(98)00036-2},
 volume = {76},
 year = {1998}
}
