@article{shieh.xiao:10:hausdorff,
  author        = {Shieh, Narn-Rueih and Xiao, Yimin},
  doi           = {10.3150/09-BEJ244},
  fjournal      = {Bernoulli. Official Journal of the Bernoulli Society for Mathematical Statistics and Probability},
  issn          = {1350-7265,1573-9759},
  journal       = {Bernoulli},
  mrclass       = {60G60 (28A78 62M09)},
  mrnumber      = {2759163},
  mrreviewer    = {Marco\ Dozzi},
  number        = {4},
  pages         = {926--952},
  title         = {Hausdorff and packing dimensions of the images of random fields},
  url           = {https://doi.org/10.3150/09-BEJ244},
  volume        = {16},
  year          = {2010}
}
