@article{shiffman.zelditch:10:number,
 author = {Shiffman, Bernard and Zelditch, Steve},
 doi = {10.4310/PAMQ.2010.v6.n4.a10},
 fjournal = {Pure and Applied Mathematics Quarterly},
 issn = {1558-8599},
 journal = {Pure Appl. Math. Q.},
 mrclass = {32L10 (32A60 58J37 60D05)},
 mrnumber = {2742043},
 mrreviewer = {David Borthwick},
 number = {4, Special Issue: In honor of Joseph J. Kohn. Part 2},
 pages = {1145--1167},
 title = {Number variance of random zeros on complex manifolds,
{II}: smooth statistics},
 url = {https://doi.org/10.4310/PAMQ.2010.v6.n4.a10},
 volume = {6},
 year = {2010}
}
