@article{shiffman.zelditch.ea:08:overcrowding,
  author        = {Shiffman, Bernard and Zelditch, Steve and Zrebiec, Scott},
  doi           = {10.1512/iumj.2008.57.3700},
  fjournal      = {Indiana University Mathematics Journal},
  issn          = {0022-2518},
  journal       = {Indiana Univ. Math. J.},
  mrclass       = {32L10 (32A60 60F10)},
  mrnumber      = {2463959},
  mrreviewer    = {Alberto Parmeggiani},
  number        = {5},
  pages         = {1977--1997},
  title         = {Overcrowding and hole probabilities for random zeros on complex manifolds},
  url           = {https://doi.org/10.1512/iumj.2008.57.3700},
  volume        = {57},
  year          = {2008}
}
