@article{shiffman.zelditch:08:number,
 author = {Shiffman, Bernard and Zelditch, Steve},
 doi = {10.1007/s00039-008-0686-3},
 fjournal = {Geometric and Functional Analysis},
 issn = {1016-443X},
 journal = {Geom. Funct. Anal.},
 mrclass = {32L10 (32A60 60D05)},
 mrnumber = {2465693},
 mrreviewer = {David Borthwick},
 number = {4},
 pages = {1422--1475},
 title = {Number variance of random zeros on complex manifolds},
 url = {https://doi.org/10.1007/s00039-008-0686-3},
 volume = {18},
 year = {2008}
}
