@incollection{shiga:88:stepping,
 author = {Shiga, Tokuzo},
 booktitle = {Stochastic processes in physics and engineering ({B}ielefeld, 1986)},
 mrclass = {92A10 (92A15)},
 mrnumber = {948717},
 mrreviewer = {Andris Abakuks},
 pages = {345--355},
 publisher = {Reidel, Dordrecht},
 series = {Math. Appl.},
 title = {Stepping stone models in population genetics and population dynamics},
 volume = {42},
 year = {1988}
}
