@article{shiga.shimizu:80:infinite-dimensional,
 author = {Shiga, Tokuzo and Shimizu, Akinobu},
 doi = {10.1215/kjm/1250522207},
 fjournal = {Journal of Mathematics of Kyoto University},
 issn = {0023-608X},
 journal = {J. Math. Kyoto Univ.},
 mrclass = {60H10 (60J60 60K35 82A05 92A10)},
 mrnumber = {591802},
 mrreviewer = {Yu. L. Daletskiu{i}},
 number = {3},
 pages = {395--416},
 title = {Infinite-dimensional stochastic differential equations and
their applications},
 url = {https://doi.org/10.1215/kjm/1250522207},
 volume = {20},
 year = {1980}
}
