@article{shogenov.kumykova.ea:97:generalized,
 author = {Shogenov, V. Kh. and Kumykova, S. K. and Shkhanukov-Lafishev, M. Kh.},
 fjournal = {Dopov\={i}d\={i} Nats\={i}onal{\cprime}no\"{i} Akadem\={i}\"{i} Nauk Ukra\"{i}ni. Matematika. Prirodoznavstvo. Tekhn\={i}chn\={i} Nauki},
 issn = {1025-6415},
 journal = {Dopov. Nats. Akad. Nauk Ukr. Mat. Prirodozn. Tekh. Nauki},
 mrclass = {35Q99 (26A33 82C70)},
 mrnumber = {1697166},
 number = {12},
 pages = {47--54},
 title = {The generalized transport equation and fractional derivatives},
 year = {1997}
}
