@book{shorack.wellner:86:empirical,
  author        = {Shorack, Galen R. and Wellner, Jon A.},
  isbn          = {0-471-86725-X},
  mrclass       = {60-02 (60F17 62-02 62G10 62G30)},
  mrnumber      = {838963},
  mrreviewer    = {S\'{a}ndor Cs\"{o}rg\H{o}},
  pages         = {xxxviii+938},
  publisher     = {John Wiley \& Sons, Inc., New York},
  series        = {Wiley Series in Probability and Mathematical Statistics: Probability and Mathematical Statistics},
  title         = {Empirical processes with applications to statistics},
  year          = {1986}
}
