@incollection{sierocinski.zabczyk:89:on*1,
  author        = {Sieroci\'{n}ski, Andrzej and Zabczyk, Jerzy},
  booktitle     = {Stochastic systems and optimization ({W}arsaw, 1988)},
  doi           = {10.1007/BFb0002695},
  mrclass       = {93E20 (90C15)},
  mrnumber      = {1180793},
  pages         = {356--359},
  publisher     = {Springer, Berlin},
  series        = {Lect. Notes Control Inf. Sci.},
  title         = {On a packing problem},
  url           = {https://doi.org/10.1007/BFb0002695},
  volume        = {136},
  year          = {1989}
}
