@article{silverstein.bai:95:on,
 author = {Silverstein, Jack W. and Bai, Z. D.},
 doi = {10.1006/jmva.1995.1051},
 fjournal = {Journal of Multivariate Analysis},
 issn = {0047-259X},
 journal = {J. Multivariate Anal.},
 mrclass = {60F15 (62H99)},
 mrnumber = {1345534},
 mrreviewer = {A. K. Gupta},
 number = {2},
 pages = {175--192},
 title = {On the empirical distribution of eigenvalues of a class of
large-dimensional random matrices},
 url = {https://doi.org/10.1006/jmva.1995.1051},
 volume = {54},
 year = {1995}
}
