@article{silverstein:85:smallest,
  author        = {Silverstein, Jack W.},
  fjournal      = {The Annals of Probability},
  issn          = {0091-1798},
  journal       = {Ann. Probab.},
  mrclass       = {60F15 (62H10)},
  mrnumber      = {806232},
  mrreviewer    = {Eric V. Slud},
  number        = {4},
  pages         = {1364--1368},
  title         = {The smallest eigenvalue of a large-dimensional {W}ishart matrix},
  url           = {http://links.jstor.org/sici?sici=0091-1798(198511)13:4<1364:TSEOAL>2.0.CO;2-L&origin=MSN},
  volume        = {13},
  year          = {1985}
}
