@book{simon:74:p-2,
  author        = {Simon, Barry},
  mrclass       = {81.60},
  mrnumber      = {0489552},
  mrreviewer    = {Raymond Streater},
  pages         = {xx+392},
  publisher     = {Princeton University Press, Princeton, N.J.},
  series        = {Princeton Series in Physics},
  title         = {The {$P(\phi )_{2}$} {E}uclidean (quantum) field theory},
  year          = {1974}
}
