@article{simon:99:new,
 author = {Simon, Barry},
 doi = {10.2307/121061},
 fjournal = {Annals of Mathematics. Second Series},
 issn = {0003-486X,1939-8980},
 journal = {Ann. of Math. (2)},
 mrclass = {34L05 (34A55 34B24 47E05)},
 mrnumber = {1740987},
 mrreviewer = {Paul\ E.\ Sacks},
 number = {3},
 pages = {1029--1057},
 title = {A new approach to inverse spectral theory. {I}. {F}undamental formalism},
 url = {https://doi.org/10.2307/121061},
 volume = {150},
 year = {1999}
}
