@article{simon.wolff:86:singular,
  author        = {Simon, Barry and Wolff, Tom},
  doi           = {10.1002/cpa.3160390105},
  fjournal      = {Communications on Pure and Applied Mathematics},
  issn          = {0010-3640,1097-0312},
  journal       = {Comm. Pure Appl. Math.},
  mrclass       = {47A55 (47B25 81C10 82A05)},
  mrnumber      = {820340},
  number        = {1},
  pages         = {75--90},
  title         = {Singular continuous spectrum under rank one perturbations and localization for random {H}amiltonians},
  url           = {https://doi.org/10.1002/cpa.3160390105},
  volume        = {39},
  year          = {1986}
}
