@article{simon:82:schrodinger*1,
 author = {Simon, Barry},
 doi = {10.1090/S0273-0979-1982-15041-8},
 fjournal = {American Mathematical Society. Bulletin. New Series},
 issn = {0273-0979,1088-9485},
 journal = {Bull. Amer. Math. Soc. (N.S.)},
 mrclass = {81-02 (35-02 35P05 47D05 47F05 81C10)},
 mrnumber = {670130},
 mrreviewer = {Ren\'e\ Carmona},
 number = {3},
 pages = {447--526},
 title = {Schr\"odinger semigroups},
 url = {https://doi.org/10.1090/S0273-0979-1982-15041-8},
 volume = {7},
 year = {1982}
}
