@article{simon:83:holonomy,
 author = {Simon, Barry},
 doi = {10.1103/PhysRevLett.51.2167},
 fjournal = {Physical Review Letters},
 issn = {0031-9007},
 journal = {Phys. Rev. Lett.},
 mrclass = {81C10 (53C05 53C80 58F13 58G25)},
 mrnumber = {726866},
 number = {24},
 pages = {2167--2170},
 title = {Holonomy, the quantum adiabatic theorem, and {B}erry's
phase},
 url = {https://doi.org/10.1103/PhysRevLett.51.2167},
 volume = {51},
 year = {1983}
}
