@article{sina:92:statistics,
  author        = {Sina\u{\i}, Ya. G.},
  fjournal      = {Communications in Mathematical Physics},
  issn          = {0010-3616},
  journal       = {Comm. Math. Phys.},
  mrclass       = {35Q53 (60H15 76B15 76L05)},
  mrnumber      = {1181071},
  mrreviewer    = {Cun-Zheng Wang},
  number        = {3},
  pages         = {601--621},
  title         = {Statistics of shocks in solutions of inviscid {B}urgers equation},
  url           = {http://projecteuclid.org/euclid.cmp/1104251046},
  volume        = {148},
  year          = {1992}
}
