@article{sinaui.soshnikov:98:refinement,
 author = {Sinau{i}, Ya. G. and Soshnikov, A. B.},
 doi = {10.1007/BF02482597},
 fjournal = {Funktsional{\cprime}nyu{i} Analiz i ego Prilozheniya},
 issn = {0374-1990},
 journal = {Funktsional. Anal. i Prilozhen.},
 mrclass = {82B41 (15A52 60F99)},
 mrnumber = {1647832},
 mrreviewer = {Boris A. Khoruzhenko},
 number = {2},
 pages = {56--79, 96},
 title = {A refinement of {W}igner's semicircle law in a
neighborhood of the spectrum edge for random symmetric
matrices},
 url = {https://doi.org/10.1007/BF02482597},
 volume = {32},
 year = {1998}
}
