@article{sivashinsky:77:nonlinear,
  author        = {Sivashinsky, G. I.},
  doi           = {10.1016/0094-5765(77)90096-0},
  fjournal      = {Acta Astronautica. Journal of the International Academy of Astronautics},
  issn          = {0094-5765},
  journal       = {Acta Astronaut.},
  mrclass       = {76.35},
  mrnumber      = {502829},
  mrreviewer    = {Salvatore Rionero},
  number        = {11-12, 11},
  pages         = {1177--1206},
  title         = {Nonlinear analysis of hydrodynamic instability in laminar flames. {I}. {D}erivation of basic equations},
  url           = {https://doi.org/10.1016/0094-5765(77)90096-0},
  volume        = {4},
  year          = {1977}
}
