@article{slade.tomberg:16:critical,
  author        = {Slade, Gordon and Tomberg, Alexandre},
  doi           = {10.1007/s00220-015-2488-4},
  fjournal      = {Communications in Mathematical Physics},
  issn          = {0010-3616},
  journal       = {Comm. Math. Phys.},
  mrclass       = {82C41},
  mrnumber      = {3459163},
  mrreviewer    = {Uwe C. T\"{a}uber},
  number        = {2},
  pages         = {675--737},
  title         = {Critical correlation functions for the 4-dimensional weakly self-avoiding walk and {$n$}-component {$|\varphi|^4$} model},
  url           = {https://doi.org/10.1007/s00220-015-2488-4},
  volume        = {342},
  year          = {2016}
}
