@article{smirnov:00:symbolic,
  author        = {Smirnov, Stanislav},
  doi           = {10.1155/S1073792800000192},
  fjournal      = {International Mathematics Research Notices},
  issn          = {1073-7928,1687-0247},
  journal       = {Internat. Math. Res. Notices},
  mrclass       = {37F45 (37F15)},
  mrnumber      = {1749741},
  mrreviewer    = {Feliks\ Przytycki},
  number        = {7},
  pages         = {333--351},
  title         = {Symbolic dynamics and {C}ollet-{E}ckmann conditions},
  url           = {https://doi.org/10.1155/S1073792800000192},
  year          = {2000}
}
