@incollection{smirnov:06:towards,
  author        = {Smirnov, Stanislav},
  booktitle     = {International {C}ongress of {M}athematicians. {V}ol. {II}},
  isbn          = {978-3-03719-022-7},
  mrclass       = {82B20 (30C35 60K35 81T40 82B43)},
  mrnumber      = {2275653},
  mrreviewer    = {Roland\ M.\ Friedrich},
  pages         = {1421--1451},
  publisher     = {Eur. Math. Soc., Z\"{u}rich},
  title         = {Towards conformal invariance of 2{D} lattice models},
  year          = {2006}
}
