@article{smirnov.werner:01:critical,
 author = {Smirnov, Stanislav and Werner, Wendelin},
 doi = {10.4310/MRL.2001.v8.n6.a4},
 fjournal = {Mathematical Research Letters},
 issn = {1073-2780},
 journal = {Math. Res. Lett.},
 mrclass = {60K35},
 mrnumber = {1879816},
 number = {5-6},
 pages = {729--744},
 title = {Critical exponents for two-dimensional percolation},
 url = {https://doi.org/10.4310/MRL.2001.v8.n6.a4},
 volume = {8},
 year = {2001}
}
