@book{smirnov:96:spectral,
  author        = {Smirnov, Stanislav K.},
  mrclass       = {99-05},
  mrnumber      = {2694232},
  note          = {Thesis (Ph.D.)--California Institute of Technology},
  pages         = {137},
  publisher     = {ProQuest LLC, Ann Arbor, MI},
  title         = {Spectral analysis of {J}ulia sets},
  url           = {http://gateway.proquest.com/openurl?url\_ver=Z39.88-2004\&rft\_val\_fmt=info:ofi/fmt:kev:mtx:dissertation\&res\_dat=xri:pqdiss\&rft\_dat=xri:pqdiss:9629194},
  year          = {1996}
}
