@phdthesis{smula:15:information,
 author = {Jasmin Smula},
 school = {{ETH} Zurich, Switzerland},
 title = {Information content of online problems: advice versus
determinism and randomization},
 year = {2015}
}
