@article{soboleff:45:sur,
  author        = {Soboleff, S. L.},
  journal       = {C. R. (Doklady) Acad. Sci. URSS (N. S.)},
  mrclass       = {36.0X},
  mrnumber      = {0016859},
  mrreviewer    = {S. Bochner},
  pages         = {618--620},
  title         = {Sur la presque p\'{e}riodicit\'{e} des solutions de l'\'{e}quation des ondes. {II}},
  volume        = {48},
  year          = {1945}
}
