@article{sodin.tsirelson:06:random,
 author = {Sodin, Mikhail and Tsirelson, Boris},
 doi = {10.1007/BF02771978},
 fjournal = {Israel Journal of Mathematics},
 issn = {0021-2172},
 journal = {Israel J. Math.},
 mrclass = {60G15 (30D20 60D05)},
 mrnumber = {2214455},
 mrreviewer = {M. Iosifescu},
 pages = {105--124},
 title = {Random complex zeroes. {II}. {P}erturbed lattice},
 url = {https://doi.org/10.1007/BF02771978},
 volume = {152},
 year = {2006}
}
