@article{sodin:00:zeros,
  author        = {Sodin, M.},
  doi           = {10.4310/MRL.2000.v7.n4.a2},
  fjournal      = {Mathematical Research Letters},
  issn          = {1073-2780},
  journal       = {Math. Res. Lett.},
  mrclass       = {32H99 (30C15 60G99)},
  mrnumber      = {1783614},
  mrreviewer    = {Lev Sergeevich Maergoiz},
  number        = {4},
  pages         = {371--381},
  title         = {Zeros of {G}aussian analytic functions},
  url           = {https://doi.org/10.4310/MRL.2000.v7.n4.a2},
  volume        = {7},
  year          = {2000}
}
