@article{sodin.tsirelson:05:random,
  author        = {Sodin, Mikhail and Tsirelson, Boris},
  doi           = {10.1007/BF02785373},
  fjournal      = {Israel Journal of Mathematics},
  issn          = {0021-2172},
  journal       = {Israel J. Math.},
  mrclass       = {60G15 (30D20 60D05)},
  mrnumber      = {2166369},
  mrreviewer    = {M. Iosifescu},
  pages         = {371--379},
  title         = {Random complex zeroes. {III}. {D}ecay of the hole probability},
  url           = {https://doi.org/10.1007/BF02785373},
  volume        = {147},
  year          = {2005}
}
