@article{soner.souganidis:93:singularities,
 author = {Soner, H. M. and Souganidis, P. E.},
 doi = {10.1080/03605309308820954},
 fjournal = {Communications in Partial Differential Equations},
 issn = {0360-5302},
 journal = {Comm. Partial Differential Equations},
 mrclass = {53A10 (35K15)},
 mrnumber = {1218522},
 mrreviewer = {Li Ma},
 number = {5-6},
 pages = {859--894},
 title = {Singularities and uniqueness of cylindrically symmetric
surfaces moving by mean curvature},
 url = {https://doi.org/10.1080/03605309308820954},
 volume = {18},
 year = {1993}
}
