@article{song:17:on,
 author = {Song, Jian},
 doi = {10.1016/j.spa.2016.05.008},
 fjournal = {Stochastic Processes and their Applications},
 issn = {0304-4149},
 journal = {Stochastic Process. Appl.},
 mrclass = {60H15 (60H07)},
 mrnumber = {3575535},
 mrreviewer = {Jingyu Huang},
 number = {1},
 pages = {37--79},
 title = {On a class of stochastic partial differential equations},
 url = {https://doi.org/10.1016/j.spa.2016.05.008},
 volume = {127},
 year = {2017}
}
