@article{song.xiao.ea:18:uniform,
  author        = {Song, Renming and Xiao, Yimin and Yang, Xiaochuan},
  doi           = {10.1214/18-ECP180},
  fjournal      = {Electronic Communications in Probability},
  issn          = {1083-589X},
  journal       = {Electron. Commun. Probab.},
  mrclass       = {60J75 (28A80 60G17 60G52)},
  mrnumber      = {3873782},
  mrreviewer    = {Benjamin\ Arras},
  pages         = {Paper No. 75, 10},
  title         = {Uniform {H}ausdorff dimension result for the inverse images of stable {L}\'{e}vy processes},
  url           = {https://doi.org/10.1214/18-ECP180},
  volume        = {23},
  year          = {2018}
}
