@article{song.zhou:96:remark,
 author = {Song, Renming and Zhou, Xian Yin},
 doi = {10.1007/BF02175566},
 fjournal = {Journal of Statistical Physics},
 issn = {0022-4715},
 journal = {J. Statist. Phys.},
 mrclass = {82C41},
 mrnumber = {1413246},
 mrreviewer = {Wei-Shih Yang},
 number = {1-2},
 pages = {277--289},
 title = {A remark on diffusion of directed polymers in random
environments},
 url = {https://doi.org/10.1007/BF02175566},
 volume = {85},
 year = {1996}
}
