@article{song.tindel:22:skorohod,
 author = {Song, Jian and Tindel, Samy},
 doi = {10.1016/j.spa.2022.05.002},
 fjournal = {Stochastic Processes and their Applications},
 issn = {0304-4149,1879-209X},
 journal = {Stochastic Process. Appl.},
 mrclass = {60H05 (60H07 60L20)},
 mrnumber = {4426165},
 mrreviewer = {Maria\ Jolis},
 pages = {569--595},
 title = {Skorohod and {S}tratonovich integrals for controlled
processes},
 url = {https://doi.org/10.1016/j.spa.2022.05.002},
 volume = {150},
 year = {2022}
}
