@article{soshnikov:98:level,
  author        = {Soshnikov, Alexander},
  doi           = {10.2307/121004},
  fjournal      = {Annals of Mathematics. Second Series},
  issn          = {0003-486X},
  journal       = {Ann. of Math. (2)},
  mrclass       = {15A52 (60F99)},
  mrnumber      = {1668559},
  mrreviewer    = {Oleksiy Khorunzhiy},
  number        = {2},
  pages         = {573--617},
  title         = {Level spacings distribution for large random matrices: {G}aussian fluctuations},
  url           = {https://doi.org/10.2307/121004},
  volume        = {148},
  year          = {1998}
}
