@article{soshnikov:99:universality,
  author        = {Soshnikov, Alexander},
  doi           = {10.1007/s002200050743},
  fjournal      = {Communications in Mathematical Physics},
  issn          = {0010-3616},
  journal       = {Comm. Math. Phys.},
  mrclass       = {82B41 (15A52 60F99 82B44)},
  mrnumber      = {1727234},
  mrreviewer    = {Boris A. Khoruzhenko},
  number        = {3},
  pages         = {697--733},
  title         = {Universality at the edge of the spectrum in {W}igner random matrices},
  url           = {https://doi.org/10.1007/s002200050743},
  volume        = {207},
  year          = {1999}
}
