@incollection{soshnikov:02:note,
 author = {Soshnikov, Alexander},
 doi = {10.1023/A:1019739414239},
 fjournal = {Journal of Statistical Physics},
 issn = {0022-4715},
 journal = {J. Statist. Phys.},
 mrclass = {62J10},
 mrnumber = {1933444},
 mrreviewer = {D. V. Chopra},
 note = {Dedicated to David Ruelle and Yasha Sinai on the occasion of their 65th birthdays},
 number = {5-6},
 pages = {1033--1056},
 title = {A note on universality of the distribution of the largest eigenvalues in certain sample covariance matrices},
 url = {https://doi.org/10.1023/A:1019739414239},
 volume = {108},
 year = {2002}
}
