@article{sowers:92:large*1,
 author = {Sowers, Richard},
 doi = {10.1007/BF01300562},
 fjournal = {Probability Theory and Related Fields},
 issn = {0178-8051,1432-2064},
 journal = {Probab. Theory Related Fields},
 mrclass = {60F10},
 mrnumber = {1165518},
 mrreviewer = {Jerzy\ Zabczyk},
 number = {3},
 pages = {393--421},
 title = {Large deviations for the invariant measure of a
reaction-diffusion equation with non-{G}aussian
perturbations},
 url = {https://doi.org/10.1007/BF01300562},
 volume = {92},
 year = {1992}
}
