@incollection{spaan:12:partially,
 author = {Spaan, Matthijs TJ},
 booktitle = {Reinforcement Learning},
 pages = {387--414},
 publisher = {Springer},
 title = {Partially observable {Markov} decision processes},
 year = {2012}
}
