@book{spielman:12:spectral,
  author        = {Spielman, Daniel A},
  publisher     = {American Mathematical Soc.},
  title         = {Spectral graph theory},
  year          = {2012}
}
