@book{spitzer:70:principes,
  author        = {Spitzer, F.},
  mrclass       = {60.66},
  mrnumber      = {260039},
  note          = {Traduit de l'anglais par E. Baverez et J.-L. Guignard},
  pages         = {xi+411},
  publisher     = {Dunod, Paris},
  series        = {Centre Interarm\'{e}s de Recherche Op\'{e}rationnelle},
  title         = {Principes des cheminements al\'{e}atoires},
  volume        = {2},
  year          = {1970}
}
