@article{spitzer:75:random,
  author        = {Spitzer, Frank},
  doi           = {10.1016/0001-8708(75)90146-2},
  fjournal      = {Advances in Mathematics},
  issn          = {0001-8708},
  journal       = {Advances in Math.},
  mrclass       = {60K35},
  mrnumber      = {365776},
  mrreviewer    = {T.\ M.\ Liggett},
  pages         = {139--143},
  title         = {Random time evolution of infinite particle systems},
  url           = {https://doi.org/10.1016/0001-8708(75)90146-2},
  volume        = {16},
  year          = {1975}
}
