@book{spitzer:76:principles,
  author        = {Spitzer, Frank},
  edition       = {Second},
  mrclass       = {60J15},
  mrnumber      = {388547},
  pages         = {xiii+408},
  publisher     = {Springer-Verlag, New York-Heidelberg},
  series        = {Graduate Texts in Mathematics},
  title         = {Principles of random walk},
  volume        = {Vol. 34},
  year          = {1976}
}
