@article{spitzer:64:electrostatic,
 author = {Spitzer, Frank},
 doi = {10.1007/BF00535970},
 fjournal = {Zeitschrift f\"{u}r Wahrscheinlichkeitstheorie und
Verwandte Gebiete},
 journal = {Z. Wahrscheinlichkeitstheorie und Verw. Gebiete},
 mrclass = {60.62},
 mrnumber = {172343},
 mrreviewer = {H.\ P.\ McKean, Jr.},
 pages = {110--121},
 title = {Electrostatic capacity, heat flow, and {B}rownian motion},
 url = {https://doi.org/10.1007/BF00535970},
 volume = {3},
 year = {1964}
}
