@incollection{spitzer:74:introduction,
  author        = {Spitzer, Frank L.},
  booktitle     = {\'{E}cole d'\'{E}t\'{e} de {P}robabilit\'{e}s de {S}aint-{F}lour, {III}--1973},
  mrclass       = {60K35},
  mrnumber      = {436388},
  mrreviewer    = {Hans-Otto\ Georgii},
  pages         = {114--189},
  publisher     = {Springer, Berlin-New York},
  series        = {Lecture Notes in Math.},
  title         = {Introduction aux processus de {M}arkov \`a parametre dans {$Z\sb{\nu }$}},
  volume        = {Vol. 390},
  year          = {1974}
}
