@incollection{spitzer:67:renewal,
  author        = {Spitzer, F.},
  booktitle     = {Proc. {F}ifth {B}erkeley {S}ympos. {M}ath. {S}tatist. and {P}robability ({B}erkeley, {C}alif., 1965/66), {V}ol. {II}: {C}ontributions to {P}robability {T}heory, {P}art 2},
  mrclass       = {60.65 (60.70)},
  mrnumber      = {214144},
  mrreviewer    = {J.\ Wolfowitz},
  pages         = {311--320},
  publisher     = {Univ. California Press, Berkeley, CA},
  title         = {Renewal theorems for {M}arkov chains},
  year          = {1967}
}
