@inproceedings{spitzer:75:random*1,
  author        = {Spitzer, Frank},
  booktitle     = {Proceedings of the {I}nternational {C}ongress of {M}athematicians ({V}ancouver, {B}.{C}., 1974), {V}ol. 2},
  mrclass       = {60K35},
  mrnumber      = {415810},
  pages         = {169--171},
  publisher     = {Canad. Math. Congr., Montreal, QC},
  title         = {Random time evolution of infinite particle systems},
  year          = {1975}
}
