@article{spitzer:75:phase,
  author        = {Spitzer, Frank},
  doi           = {10.1016/0022-1236(75)90043-9},
  fjournal      = {Journal of Functional Analysis},
  issn          = {0022-1236},
  journal       = {J. Functional Analysis},
  mrclass       = {60K35},
  mrnumber      = {388583},
  mrreviewer    = {Richard\ Holley},
  number        = {3},
  pages         = {240--255},
  title         = {Phase transition in one-dimensional nearest-neighbor systems},
  url           = {https://doi.org/10.1016/0022-1236(75)90043-9},
  volume        = {20},
  year          = {1975}
}
