@article{spitzer:68:uniform,
 author = {Spitzer, Frank},
 fjournal = {J. Math. Mech.},
 journal = {J. Math. Mech.},
 mrclass = {60.90 (82.00)},
 mrnumber = {243646},
 mrreviewer = {H.\ P.\ McKean, Jr.},
 pages = {973--989},
 title = {Uniform motion with elastic collision of an infinite particle system},
 volume = {18},
 year = {1968/69}
}
