@incollection{spitzer:86:multidimensional,
  author        = {Spitzer, Frank},
  booktitle     = {Probability, statistical mechanics, and number theory},
  isbn          = {0-12-598543-6},
  mrclass       = {60K15},
  mrnumber      = {875451},
  mrreviewer    = {T.\ M.\ Liggett},
  pages         = {147--155},
  publisher     = {Academic Press, Orlando, FL},
  series        = {Adv. Math. Suppl. Stud.},
  title         = {A multidimensional renewal theorem},
  volume        = {9},
  year          = {1986}
}
