@article{spitzer.widom:61:circumference,
  author        = {Spitzer, F. and Widom, H.},
  doi           = {10.2307/2034228},
  fjournal      = {Proceedings of the American Mathematical Society},
  issn          = {0002-9939,1088-6826},
  journal       = {Proc. Amer. Math. Soc.},
  mrclass       = {52.10},
  mrnumber      = {130616},
  mrreviewer    = {A.\ Dvoretzky},
  pages         = {506--509},
  title         = {The circumference of a convex polygon},
  url           = {https://doi.org/10.2307/2034228},
  volume        = {12},
  year          = {1961}
}
