@article{spitzer:71:markov,
  author        = {Spitzer, Frank},
  doi           = {10.2307/2317621},
  fjournal      = {American Mathematical Monthly},
  issn          = {0002-9890,1930-0972},
  journal       = {Amer. Math. Monthly},
  mrclass       = {60.60 (82.00)},
  mrnumber      = {277036},
  mrreviewer    = {S.\ J.\ Taylor},
  pages         = {142--154},
  title         = {Markov random fields and {G}ibbs ensembles},
  url           = {https://doi.org/10.2307/2317621},
  volume        = {78},
  year          = {1971}
}
