@incollection{spitzer:60:recurrent,
 author = {Spitzer, Frank},
 booktitle = {Proc. 4th {B}erkeley {S}ympos. {M}ath. {S}tatist. and {P}rob., {V}ol. {II}},
 mrclass = {60.66},
 mrnumber = {142159},
 mrreviewer = {W.\ Wasow},
 pages = {515--534},
 publisher = {Univ. California Press, Berkeley-Los Angeles, Calif.},
 title = {Recurrent random walk and logarithmic potential},
 year = {1960}
}
