@article{spitzer:72:variational,
  author        = {Spitzer, Frank},
  doi           = {10.1214/aoms/1177692723},
  fjournal      = {Annals of Mathematical Statistics},
  issn          = {0003-4851},
  journal       = {Ann. Math. Statist.},
  mrclass       = {60J10},
  mrnumber      = {300346},
  mrreviewer    = {B.\ Kronfeld},
  pages         = {303--307},
  title         = {A variational characterization of finite {M}arkov chains},
  url           = {https://doi.org/10.1214/aoms/1177692723},
  volume        = {43},
  year          = {1972}
}
