@article{spitzer:57:wiener-hopf,
 author = {Spitzer, Frank},
 fjournal = {Duke Mathematical Journal},
 issn = {0012-7094,1547-7398},
 journal = {Duke Math. J.},
 mrclass = {60.0X},
 mrnumber = {90917},
 mrreviewer = {J.\ Kiefer},
 pages = {327--343},
 title = {The {W}iener-{H}opf equation whose kernel is a probability density},
 url = {http://projecteuclid.org/euclid.dmj/1077467479},
 volume = {24},
 year = {1957}
}
