@incollection{spitzer:76:random,
 author = {Spitzer, Frank},
 booktitle = {Surveys in applied mathematics ({P}roc. {F}irst {L}os
{A}lamos {S}ympos. {M}ath. in {N}atural {S}ci., {L}os
{A}lamos, {N}.{M}., 1974)},
 mrclass = {60K35},
 mrnumber = {652304},
 pages = {123--127},
 publisher = {Academic Press, New York-London},
 title = {Random time evolution of infinite particle systems},
 year = {1976}
}
