@book{spohn:12:large,
  author        = {Spohn, H.},
  isbn          = {9783642843716},
  publisher     = {Springer Berlin Heidelberg},
  series        = {Theoretical and Mathematical Physics},
  title         = {Large scale dynamics of interacting particles},
  year          = {2012}
}
