@article{stahl-ii.wilson:94:experimental,
 author = {Stahl II, Dale O and Wilson, Paul W},
 journal = {Journal of Economic Behavior \& Organization},
 number = {3},
 pages = {309--327},
 publisher = {Elsevier},
 title = {Experimental evidence on players' models of other
players},
 volume = {25},
 year = {1994}
}
