@article{stankovic:70:on,
 author = {Stankovi\'{c}, B.},
 fjournal = {Institut Math\'{e}matique. Publications. Nouvelle S\'{e}rie},
 issn = {0350-1302},
 journal = {Publ. Inst. Math. (Beograd) (N.S.)},
 mrclass = {33.45},
 mrnumber = {280762},
 mrreviewer = {Naresh C. Jain},
 pages = {113--124},
 title = {On the function of {E}. {M}. {W}right},
 volume = {10(24)},
 year = {1970}
}
