@book{stanley:97:enumerative,
 author = {Stanley, Richard P.},
 doi = {10.1017/CBO9780511805967},
 isbn = {0-521-55309-1; 0-521-66351-2},
 mrclass = {05-02 (05A15 06-02 11-02)},
 mrnumber = {1442260},
 mrreviewer = {Wayne M. Dymacek},
 note = {With a foreword by Gian-Carlo Rota, Corrected reprint of
the 1986 original},
 pages = {xii+325},
 publisher = {Cambridge University Press, Cambridge},
 series = {Cambridge Studies in Advanced Mathematics},
 title = {Enumerative combinatorics. {V}ol. 1},
 url = {https://doi.org/10.1017/CBO9780511805967},
 volume = {49},
 year = {1997}
}
