@incollection{starke.reichert.ea:07:stochastic,
  author        = {Starke, J. and Reichert, C. and Eiswirth, M. and Oelschl\"{a}ger, K.},
  booktitle     = {Reactive flows, diffusion and transport},
  doi           = {10.1007/978-3-540-28396-6\_13},
  isbn          = {978-3-540-28379-9; 3-540-28379-X},
  mrclass       = {92E20 (37N20 60K35 60K40)},
  mrnumber      = {2275766},
  pages         = {341--370},
  publisher     = {Springer, Berlin},
  title         = {Stochastic modeling and deterministic limit of catalytic surface processes},
  url           = {https://doi.org/10.1007/978-3-540-28396-6\_13},
  year          = {2007}
}
