@book{stein.shakarchi:03:fourier,
 author = {Stein, Elias M. and Shakarchi, Rami},
 isbn = {0-691-11384-X},
 mrclass = {42-01},
 mrnumber = {1970295},
 mrreviewer = {Steven George Krantz},
 note = {An introduction},
 pages = {xvi+311},
 publisher = {Princeton University Press, Princeton, NJ},
 series = {Princeton Lectures in Analysis},
 title = {Fourier analysis},
 volume = {1},
 year = {2003}
}
