@book{stein:70:singular,
 author = {Stein, Elias M.},
 mrclass = {46.38 (26.00)},
 mrnumber = {0290095},
 mrreviewer = {R. E. Edwards},
 pages = {xiv+290},
 publisher = {Princeton University Press, Princeton, N.J.},
 series = {Princeton Mathematical Series, No. 30},
 title = {Singular integrals and differentiability properties of functions},
 year = {1970}
}
