@book{stein.shakarchi:03:complex,
 author = {Stein, Elias M. and Shakarchi, Rami},
 isbn = {0-691-11385-8},
 mrclass = {30-01},
 mrnumber = {1976398},
 mrreviewer = {Heinrich Begehr},
 pages = {xviii+379},
 publisher = {Princeton University Press, Princeton, NJ},
 series = {Princeton Lectures in Analysis},
 title = {Complex analysis},
 volume = {2},
 year = {2003}
}
