@article{stewartson.stuart:71:non-linear,
  author        = {Stewartson, K. and Stuart, J. T.},
  doi           = {10.1017/S0022112071001733},
  fjournal      = {Journal of Fluid Mechanics},
  issn          = {0022-1120},
  journal       = {J. Fluid Mech.},
  mrclass       = {76.35},
  mrnumber      = {309420},
  mrreviewer    = {R. Ballabh},
  pages         = {529--545},
  title         = {A non-linear instability theory for a wave system in plane {P}oiseuille flow},
  url           = {https://doi.org/10.1017/S0022112071001733},
  volume        = {48},
  year          = {1971}
}
