@article{stinner.winkler:11:global,
 author = {Stinner, Christian and Winkler, Michael},
 doi = {10.1016/j.nonrwa.2011.07.006},
 fjournal = {Nonlinear Analysis. Real World Applications. An
International Multidisciplinary Journal},
 issn = {1468-1218},
 journal = {Nonlinear Anal. Real World Appl.},
 mrclass = {35K51 (35A20 35K91 92C17)},
 mrnumber = {2833007},
 number = {6},
 pages = {3727--3740},
 title = {Global weak solutions in a chemotaxis system with large
singular sensitivity},
 url = {https://doi.org/10.1016/j.nonrwa.2011.07.006},
 volume = {12},
 year = {2011}
}
