@article{strehl.sokolov.ea:12:efficient,
 author = {Strehl, Robert and Sokolov, Andriy and Turek, Stefan},
 doi = {10.1016/j.camwa.2011.12.040},
 fjournal = {Computers \& Mathematics with Applications. An
International Journal},
 issn = {0898-1221},
 journal = {Comput. Math. Appl.},
 mrclass = {92C17 (65M60)},
 mrnumber = {2944801},
 number = {3},
 pages = {175--189},
 title = {Efficient, accurate and flexible finite element solvers
for chemotaxis problems},
 url = {https://doi.org/10.1016/j.camwa.2011.12.040},
 volume = {64},
 year = {2012}
}
