@article{strichartz:67:multipliers,
 author = {Strichartz, Robert S.},
 journal = {J. Math. Mech.},
 mrclass = {46.38},
 mrnumber = {0215084},
 mrreviewer = {W. Littman},
 pages = {1031--1060},
 title = {Multipliers on fractional {S}obolev spaces},
 volume = {16},
 year = {1967}
}
