@article{strick:70:predicted,
 author = {E. Strick},
 doi = {10.1190/1.1440101},
 eprint = {https://doi.org/10.1190/1.1440101},
 journal = {GEOPHYSICS},
 number = {3},
 pages = {387--403},
 title = {A PREDICTED PEDESTAL EFFECT FOR PULSE PROPAGATION IN
CONSTANT-Q SOLIDS},
 url = {https://doi.org/10.1190/1.1440101},
 volume = {35},
 year = {1970}
}
