@article{stricker.yor:78:calcul,
 author = {Stricker, C. and Yor, M.},
 doi = {10.1007/BF00715187},
 fjournal = {Zeitschrift f\"{u}r Wahrscheinlichkeitstheorie und Verwandte Gebiete},
 issn = {0044-3719},
 journal = {Z. Wahrsch. Verw. Gebiete},
 mrclass = {60G44 (60H05)},
 mrnumber = {510530},
 mrreviewer = {Dominique L\'{e}pingle},
 number = {2},
 pages = {109--133},
 title = {Calcul stochastique d\'{e}pendant d'un param\`etre},
 url = {https://doi.org/10.1007/BF00715187},
 volume = {45},
 year = {1978}
}
