@book{stroock.varadhan:06:multidimensional,
  author        = {Stroock, Daniel W. and Varadhan, S. R. Srinivasa},
  isbn          = {978-3-540-28998-2; 3-540-28998-4},
  mrclass       = {60-02 (60H05 60J25 60J60 60J65)},
  mrnumber      = {2190038},
  note          = {Reprint of the 1997 edition},
  pages         = {xii+338},
  publisher     = {Springer-Verlag, Berlin},
  series        = {Classics in Mathematics},
  title         = {Multidimensional diffusion processes},
  year          = {2006}
}
