@incollection{stroock:83:some,
  author        = {Stroock, Daniel W.},
  booktitle     = {Eleventh {S}aint {F}lour probability summer school---1981 ({S}aint {F}lour, 1981)},
  doi           = {10.1007/BFb0067987},
  mrclass       = {60H15 (35K99 35R60 60J60)},
  mrnumber      = {722984},
  mrreviewer    = {Kazuaki Taira},
  pages         = {267--382},
  publisher     = {Springer, Berlin},
  series        = {Lecture Notes in Math.},
  title         = {Some applications of stochastic calculus to partial differential equations},
  url           = {https://doi.org/10.1007/BFb0067987},
  volume        = {976},
  year          = {1983}
}
