@book{stroock.varadhan:79:multidimensional,
  author        = {Stroock, Daniel W. and Varadhan, S. R. Srinivasa},
  isbn          = {3-540-90353-4},
  mrclass       = {60J60},
  mrnumber      = {532498},
  mrreviewer    = {A. D. Wentzell (Venttsel{\cprime})},
  pages         = {xii+338},
  publisher     = {Springer-Verlag, Berlin-New York},
  series        = {Grundlehren der Mathematischen Wissenschaften},
  title         = {Multidimensional diffusion processes},
  volume        = {233},
  year          = {1979}
}
