@article{sturm:03:on,
 author = {Sturm, Anja},
 doi = {10.1214/EJP.v8-129},
 fjournal = {Electronic Journal of Probability},
 issn = {1083-6489},
 journal = {Electron. J. Probab.},
 mrclass = {60K37 (60H15 60J80)},
 mrnumber = {1986838},
 mrreviewer = {Utkir Rozikov},
 pages = {no. 6, 39},
 title = {On convergence of population processes in random environments to the stochastic heat equation with colored noise},
 url = {https://doi.org/10.1214/EJP.v8-129},
 volume = {8},
 year = {2003}
}
