@article{su.lei.ea:21:tracy-widom,
  author        = {Su, Zhong-gen and Lei, Yu-huan and Shen, Tian},
  doi           = {10.1007/s11766-021-4251-2},
  fjournal      = {Applied Mathematics. A Journal of Chinese Universities. Ser. B},
  issn          = {1005-1031},
  journal       = {Appl. Math. J. Chinese Univ. Ser. B},
  mrclass       = {60K35 (60B20)},
  mrnumber      = {4228470},
  number        = {1},
  pages         = {128--158},
  title         = {Tracy-{W}idom distribution, {${\rm Airy}_2$} process and its sample path properties},
  url           = {https://doi.org/10.1007/s11766-021-4251-2},
  volume        = {36},
  year          = {2021}
}
