@article{subag.zeitouni:15:freezing,
  author        = {Subag, Eliran and Zeitouni, Ofer},
  doi           = {10.1007/s00220-015-2303-2},
  fjournal      = {Communications in Mathematical Physics},
  issn          = {0010-3616,1432-0916},
  journal       = {Comm. Math. Phys.},
  mrclass       = {60K35 (60G55)},
  mrnumber      = {3324155},
  mrreviewer    = {Christoph\ Th\"{a}le},
  number        = {1},
  pages         = {55--92},
  title         = {Freezing and decorated {P}oisson point processes},
  url           = {https://doi.org/10.1007/s00220-015-2303-2},
  volume        = {337},
  year          = {2015}
}
