@article{sugiyama.kunii:06:global,
  author        = {Sugiyama, Yoshie and Kunii, Hiroko},
  doi           = {10.1016/j.jde.2006.03.003},
  fjournal      = {Journal of Differential Equations},
  issn          = {0022-0396},
  journal       = {J. Differential Equations},
  mrclass       = {35K57 (35B33 35K50 35K65 35Q80)},
  mrnumber      = {2235324},
  mrreviewer    = {Adrien Blanchet},
  number        = {1},
  pages         = {333--364},
  title         = {Global existence and decay properties for a degenerate {K}eller-{S}egel model with a power factor in drift term},
  url           = {https://doi.org/10.1016/j.jde.2006.03.003},
  volume        = {227},
  year          = {2006}
}
