@article{sugiyama.tsutsui.ea:14:global,
 author = {Sugiyama, Y. and Tsutsui, Y. and Vel\'{a}zquez, J. J. L.},
 doi = {10.1016/j.jmaa.2013.08.065},
 fjournal = {Journal of Mathematical Analysis and Applications},
 issn = {0022-247X},
 journal = {J. Math. Anal. Appl.},
 mrclass = {92C17},
 mrnumber = {3111877},
 number = {2},
 pages = {908--917},
 title = {Global solutions to a chemotaxis system with non-diffusive
memory},
 url = {https://doi.org/10.1016/j.jmaa.2013.08.065},
 volume = {410},
 year = {2014}
}
