@article{sugitani:89:some,
 author = {Sugitani, Sadao},
 doi = {10.2969/jmsj/04130437},
 fjournal = {Journal of the Mathematical Society of Japan},
 issn = {0025-5645},
 journal = {J. Math. Soc. Japan},
 mrclass = {60J80 (60G57 60J55)},
 mrnumber = {999507},
 mrreviewer = {Klaus Fleischmann},
 number = {3},
 pages = {437--462},
 title = {Some properties for the measure-valued branching diffusion
processes},
 url = {https://doi.org/10.2969/jmsj/04130437},
 volume = {41},
 year = {1989}
}
