@book{sutton:05:stochastic,
  author        = {Sutton, Brian D.},
  mrclass       = {Thesis},
  mrnumber      = {2717319},
  note          = {Thesis (Ph.D.)--Massachusetts Institute of Technology},
  pages         = {(no paging)},
  publisher     = {ProQuest LLC, Ann Arbor, MI},
  title         = {The stochastic operator approach to random matrix theory},
  url           = {http://gateway.proquest.com/openurl?url\_ver=Z39.88-2004\&rft\_val\_fmt=info:ofi/fmt:kev:mtx:dissertation\&res\_dat=xri:pqdiss\&rft\_dat=xri:pqdiss:0808691},
  year          = {2005}
}
