@book{swanson:04:variations,
  author        = {Swanson, Jason},
  isbn          = {978-0496-86690-8},
  mrclass       = {99-05},
  mrnumber      = {2706228},
  note          = {Thesis (Ph.D.)--University of Washington},
  pages         = {121},
  publisher     = {ProQuest LLC, Ann Arbor, MI},
  title         = {Variations of stochastic processes: {A}lternative approaches},
  url           = {http://gateway.proquest.com/openurl?url\_ver=Z39.88-2004\&rft\_val\_fmt=info:ofi/fmt:kev:mtx:dissertation\&res\_dat=xri:pqdiss\&rft\_dat=xri:pqdiss:3139549},
  year          = {2004}
}
