@article{swiech.zabczyk:11:large,
 author = {\'{S}wi\c{e}ch, Andrzej and Zabczyk, Jerzy},
 doi = {10.1016/j.jfa.2010.09.016},
 fjournal = {Journal of Functional Analysis},
 issn = {0022-1236},
 journal = {J. Funct. Anal.},
 mrclass = {60H15 (60F10 60G51)},
 mrnumber = {2737394},
 mrreviewer = {Hendrik Weber},
 number = {3},
 pages = {674--723},
 title = {Large deviations for stochastic {PDE} with {L}\'{e}vy noise},
 url = {https://doi.org/10.1016/j.jfa.2010.09.016},
 volume = {260},
 year = {2011}
}
