@article{symanzik:69:euclidean,
  author        = {Symanzik, Kurt},
  fjournal      = {Rendiconti della Scuola Internazionale di Fisica ``Enrico Fermi''},
  journal       = {Rend. Scuola Int. Fis. Enrico Fermi},
  note          = {Lecture notes from the International School of Physics ``Enrico Fermi'', Course XLV, Varenna, 1968},
  pages         = {152--226},
  title         = {Euclidean quantum field theory},
  url           = {https://www.osti.gov/biblio/4117149},
  volume        = {45},
  year          = {1969}
}
