@article{sznitman.zeitouni:04:on,
  author        = {Sznitman, Alain-Sol and Zeitouni, Ofer},
  doi           = {10.1016/j.crma.2004.07.012},
  fjournal      = {Comptes Rendus Math\'{e}matique. Acad\'{e}mie des Sciences. Paris},
  issn          = {1631-073X,1778-3569},
  journal       = {C. R. Math. Acad. Sci. Paris},
  mrclass       = {60K37 (60J60)},
  mrnumber      = {2092758},
  mrreviewer    = {Fabio\ P.\ Machado},
  number        = {6},
  pages         = {429--434},
  title         = {On the diffusive behavior of isotropic diffusions in a random environment},
  url           = {https://doi.org/10.1016/j.crma.2004.07.012},
  volume        = {339},
  year          = {2004}
}
