@article{sznitman:93:brownian,
 author = {Sznitman, Alain-Sol},
 fjournal = {The Annals of Probability},
 issn = {0091-1798},
 journal = {Ann. Probab.},
 mrclass = {60K35 (60J65 82D30)},
 mrnumber = {1207235},
 mrreviewer = {Ingemar Kaj},
 number = {1},
 pages = {490--508},
 title = {Brownian survival among {G}ibbsian traps},
 url = {http://links.jstor.org/sici?sici=0091-1798(199301)21:1<490:BSAGT>2.0.CO;2-9&origin=MSN},
 volume = {21},
 year = {1993}
}
