@article{takahashi:11:replica,
 author = {Takahashi, Kazutaka},
 doi = {10.1088/1751-8113/44/23/235001},
 fjournal = {Journal of Physics. A. Mathematical and Theoretical},
 issn = {1751-8113},
 journal = {J. Phys. A},
 mrclass = {82B27 (82B44)},
 mrnumber = {2800842},
 mrreviewer = {Nikolai B. Melnikov},
 number = {23},
 pages = {235001, 23},
 title = {Replica analysis of partition-function zeros in spin-glass
models},
 url = {https://doi.org/10.1088/1751-8113/44/23/235001},
 volume = {44},
 year = {2011}
}
