@article{takeuchi.sano.ea:11:growing,
 author = {Takeuchi, Kazumasa A and Sano, Masaki and Sasamoto, Tomohiro and Spohn, Herbert},
 fjournal = {Scientific Reports},
 journal = {Sci. Rep.},
 number = {1},
 pages = {1--5},
 publisher = {Nature Publishing Group},
 title = {Growing interfaces uncover universal fluctuations behind scale invariance},
 volume = {1},
 year = {2011}
}
