@article{takeuchi.sano:10:universal,
 author = {Takeuchi, Kazumasa A. and Sano, Masaki},
 doi = {10.1103/PhysRevLett.104.230601},
 issue = {23},
 journal = {Phys. Rev. Lett.},
 month = {Jun},
 numpages = {4},
 pages = {230601},
 publisher = {American Physical Society},
 title = {Universal Fluctuations of Growing Interfaces: Evidence in Turbulent Liquid Crystals},
 url = {https://link.aps.org/doi/10.1103/PhysRevLett.104.230601},
 volume = {104},
 year = {2010}
}
