@article{talagrand:94:sharper,
  author        = {Talagrand, M.},
  fjournal      = {The Annals of Probability},
  issn          = {0091-1798},
  journal       = {Ann. Probab.},
  mrclass       = {60G50 (60E99 60G17 62E99)},
  mrnumber      = {1258865},
  mrreviewer    = {Evarist Gin\'{e}},
  number        = {1},
  pages         = {28--76},
  title         = {Sharper bounds for {G}aussian and empirical processes},
  url           = {http://links.jstor.org/sici?sici=0091-1798(199401)22:1<28:SBFGAE>2.0.CO;2-W\&origin=MSN},
  volume        = {22},
  year          = {1994}
}
