@article{talagrand:06:parisi*1,
  author        = {Talagrand, Michel},
  doi           = {10.1016/j.jfa.2005.03.001},
  fjournal      = {Journal of Functional Analysis},
  issn          = {0022-1236},
  journal       = {J. Funct. Anal.},
  mrclass       = {82B44 (28A33 82D30)},
  mrnumber      = {2195333},
  number        = {2},
  pages         = {269--286},
  title         = {Parisi measures},
  url           = {https://doi.org/10.1016/j.jfa.2005.03.001},
  volume        = {231},
  year          = {2006}
}
