@article{talenti:65:sopra,
 author = {Talenti, Giorgio},
 doi = {10.1007/BF02414375},
 fjournal = {Annali di Matematica Pura ed Applicata. Serie Quarta},
 issn = {0003-4622},
 journal = {Ann. Mat. Pura Appl. (4)},
 mrclass = {35.42},
 mrnumber = {201816},
 mrreviewer = {G. Geymonat},
 pages = {285--304},
 title = {Sopra una classe di equazioni ellittiche a coefficienti misurabili},
 url = {https://doi.org/10.1007/BF02414375},
 volume = {69},
 year = {1965}
}
