@book{tanner:00:engineering,
  author        = {Tanner, R.I.},
  isbn          = {9780191590160},
  publisher     = {OUP Oxford},
  series        = {Oxford Engineering Science Series},
  title         = {Engineering Rheology},
  year          = {2000}
}
