@article{tao.vu:06:on,
 author = {Tao, Terence and Vu, Van},
 doi = {10.1002/rsa.20109},
 fjournal = {Random Structures \& Algorithms},
 issn = {1042-9832},
 journal = {Random Structures Algorithms},
 mrclass = {15A52 (60C05)},
 mrnumber = {2187480},
 mrreviewer = {Hsien-Kuei Hwang},
 number = {1},
 pages = {1--23},
 title = {On random {$\pm1$} matrices: singularity and determinant},
 url = {https://doi.org/10.1002/rsa.20109},
 volume = {28},
 year = {2006}
}
