@article{tao.vu:10:random*1,
 author = {Tao, Terence and Vu, Van},
 doi = {10.1007/s00039-010-0057-8},
 fjournal = {Geometric and Functional Analysis},
 issn = {1016-443X},
 journal = {Geom. Funct. Anal.},
 mrclass = {60B20},
 mrnumber = {2647142},
 mrreviewer = {Steven Joel Miller},
 number = {1},
 pages = {260--297},
 title = {Random matrices: the distribution of the smallest singular
values},
 url = {https://doi.org/10.1007/s00039-010-0057-8},
 volume = {20},
 year = {2010}
}
