@article{tao.vu:08:random,
  author        = {Tao, Terence and Vu, Van},
  doi           = {10.1142/S0219199708002788},
  fjournal      = {Communications in Contemporary Mathematics},
  issn          = {0219-1997},
  journal       = {Commun. Contemp. Math.},
  mrclass       = {60F15 (11P70 15A52 60F05)},
  mrnumber      = {2409368},
  mrreviewer    = {Ben Joseph Green},
  number        = {2},
  pages         = {261--307},
  title         = {Random matrices: the circular law},
  url           = {https://doi.org/10.1142/S0219199708002788},
  volume        = {10},
  year          = {2008}
}
