@article{tao.winkler:15:persistence,
 author = {Tao, Youshan and Winkler, Michael},
 doi = {10.1016/j.jde.2015.07.019},
 fjournal = {Journal of Differential Equations},
 issn = {0022-0396},
 journal = {J. Differential Equations},
 mrclass = {35K51 (35B40 35K57 35Q92 92C17)},
 mrnumber = {3397319},
 mrreviewer = {Etsushi Nakaguchi},
 number = {11},
 pages = {6142--6161},
 title = {Persistence of mass in a chemotaxis system with logistic source},
 url = {https://doi.org/10.1016/j.jde.2015.07.019},
 volume = {259},
 year = {2015}
}
