@article{tao.winkler:12:boundedness,
  author        = {Tao, Youshan and Winkler, Michael},
  doi           = {10.1016/j.jde.2011.08.019},
  fjournal      = {Journal of Differential Equations},
  issn          = {0022-0396},
  journal       = {J. Differential Equations},
  mrclass       = {35K51 (35A09 35B35 35B40 92C17)},
  mrnumber      = {2852223},
  number        = {1},
  pages         = {692--715},
  title         = {Boundedness in a quasilinear parabolic-parabolic {K}eller-{S}egel system with subcritical sensitivity},
  url           = {https://doi.org/10.1016/j.jde.2011.08.019},
  volume        = {252},
  year          = {2012}
}
