@article{tao.winkler:19:global,
 author = {Tao, Youshan and Winkler, Michael},
 doi = {10.1016/j.jde.2019.01.014},
 fjournal = {Journal of Differential Equations},
 issn = {0022-0396},
 journal = {J. Differential Equations},
 mrclass = {35M33 (35B40 35K51 35Q92 92C17)},
 mrnumber = {3944275},
 mrreviewer = {Doron Levy},
 number = {1},
 pages = {388--406},
 title = {Global smooth solvability of a parabolic-elliptic nutrient taxis system in domains of arbitrary dimension},
 url = {https://doi.org/10.1016/j.jde.2019.01.014},
 volume = {267},
 year = {2019}
}
