@book{tao:12:topics,
 author = {Tao, Terence},
 publisher = {American Mathematical Society},
 title = {Topics in Random Matrix Theory},
 year = {2012}
}
