@article{taqqu:79:convergence,
  author        = {Taqqu, Murad S.},
  doi           = {10.1007/BF00535674},
  fjournal      = {Zeitschrift f\"{u}r Wahrscheinlichkeitstheorie und Verwandte Gebiete},
  issn          = {0044-3719},
  journal       = {Z. Wahrsch. Verw. Gebiete},
  mrclass       = {60F05 (60G15 60K35)},
  mrnumber      = {550123},
  mrreviewer    = {B. S. Nahapetian},
  number        = {1},
  pages         = {53--83},
  title         = {Convergence of integrated processes of arbitrary {H}ermite rank},
  url           = {https://doi.org/10.1007/BF00535674},
  volume        = {50},
  year          = {1979}
}
