@article{tartar:72:interpolation,
  author        = {Tartar, L.},
  doi           = {10.1016/0022-1236(72)90022-5},
  journal       = {J. Functional Analysis},
  mrclass       = {46E35},
  mrnumber      = {0310619},
  mrreviewer    = {C. Goulaouic},
  pages         = {469--489},
  title         = {Interpolation non lin\'{e}aire et r\'{e}gularit\'{e}},
  url           = {https://doi.org/10.1016/0022-1236(72)90022-5},
  volume        = {9},
  year          = {1972}
}
