@article{taylor:61:on,
 author = {Taylor, S. J.},
 doi = {10.1017/s0305004100035581},
 fjournal = {Proceedings of the Cambridge Philosophical Society},
 issn = {0008-1981},
 journal = {Proc. Cambridge Philos. Soc.},
 mrclass = {28.80},
 mrnumber = {133420},
 mrreviewer = {F. W. Gehring},
 pages = {524--531},
 title = {On the connexion between {H}ausdorff measures and
generalized capacity},
 url = {https://doi.org/10.1017/s0305004100035581},
 volume = {57},
 year = {1961}
}
