@article{taylor.mitrea.ea:05:lipschitz,
  author        = {Taylor, Michael and Mitrea, Marius and Vasy, Andr\'{a}s},
  doi           = {10.1080/03605300500299547},
  fjournal      = {Communications in Partial Differential Equations},
  issn          = {0360-5302},
  journal       = {Comm. Partial Differential Equations},
  mrclass       = {58J32 (31C12 35B65 35J25 42B20)},
  mrnumber      = {2182300},
  mrreviewer    = {Elena A. Mazepa},
  number        = {10-12},
  pages         = {1445--1462},
  title         = {Lipschitz domains, domains with corners, and the {H}odge {L}aplacian},
  url           = {https://doi.org/10.1080/03605300500299547},
  volume        = {30},
  year          = {2005}
}
