@article{teichmann:11:another,
 author = {Teichmann, Josef},
 doi = {10.1142/S0219493711003437},
 fjournal = {Stochastics and Dynamics},
 issn = {0219-4937},
 journal = {Stoch. Dyn.},
 mrclass = {35R60 (60H15)},
 mrnumber = {2836540},
 mrreviewer = {Nikolaos Halidias},
 number = {2-3},
 pages = {535--550},
 title = {Another approach to some rough and stochastic partial
differential equations},
 url = {https://doi.org/10.1142/S0219493711003437},
 volume = {11},
 year = {2011}
}
