@article{telatar:99:capacity,
  author        = {Telatar, Emre},
  doi           = {10.1002/ett.4460100604},
  fjournal      = {European Transactions on Telecommunications},
  issn          = {1124-318X},
  journal       = {Eur. Trans. Telecommun.},
  mrclass       = {94A12 (94A05)},
  mrnumber      = {2436654},
  number        = {6},
  pages         = {585--595},
  title         = {Capacity of multi-antenna {G}aussian channels},
  url           = {https://doi.org/10.1002/ett.4460100604},
  volume        = {10},
  year          = {1999}
}
