@article{tello.winkler:07:chemotaxis,
 author = {Tello, J. Ignacio and Winkler, Michael},
 doi = {10.1080/03605300701319003},
 fjournal = {Communications in Partial Differential Equations},
 issn = {0360-5302},
 journal = {Comm. Partial Differential Equations},
 mrclass = {92C17 (35K57)},
 mrnumber = {2334836},
 number = {4-6},
 pages = {849--877},
 title = {A chemotaxis system with logistic source},
 url = {https://doi.org/10.1080/03605300701319003},
 volume = {32},
 year = {2007}
}
