@incollection{temme:10:exponential,
  author        = {Temme, N. M.},
  booktitle     = {N{IST} handbook of mathematical functions},
  mrclass       = {33E20},
  mrnumber      = {2655346},
  pages         = {149--157},
  publisher     = {U.S. Dept. Commerce, Washington, DC},
  title         = {Exponential, logarithmic, sine, and cosine integrals},
  year          = {2010}
}
