@incollection{temme:10:numerical,
  author        = {Temme, N. M.},
  booktitle     = {N{IST} handbook of mathematical functions},
  mrclass       = {33F05 (65-01)},
  mrnumber      = {2655343},
  pages         = {71--101},
  publisher     = {U.S. Dept. Commerce, Washington, DC},
  title         = {Numerical methods},
  year          = {2010}
}
