@incollection{temme:10:error,
 author = {Temme, N. M.},
 booktitle = {N{IST} handbook of mathematical functions},
 mrclass = {33B20 (65D20)},
 mrnumber = {2655347},
 pages = {159--171},
 publisher = {U.S. Dept. Commerce, Washington, DC},
 title = {Error functions, {D}awson's and {F}resnel integrals},
 year = {2010}
}
