@article{temple.tracy:92:from,
 author = {Temple, Blake and Tracy, Craig A.},
 doi = {10.2307/2324058},
 fjournal = {American Mathematical Monthly},
 issn = {0002-9890},
 journal = {Amer. Math. Monthly},
 mrclass = {01A05 (70D05 83-03)},
 mrnumber = {1166000},
 mrreviewer = {H. Treder},
 number = {6},
 pages = {507--521},
 title = {From {N}ewton to {E}instein},
 url = {https://doi.org/10.2307/2324058},
 volume = {99},
 year = {1992}
}
