@book{tenenbaum:15:introduction,
 author = {Tenenbaum, G\'{e}rald},
 doi = {10.1090/gsm/163},
 edition = {Third},
 isbn = {978-0-8218-9854-3},
 mrclass = {11-02 (11Kxx 11Mxx 11Nxx)},
 mrnumber = {3363366},
 note = {Translated from the 2008 French edition by Patrick D. F. Ion},
 pages = {xxiv+629},
 publisher = {American Mathematical Society, Providence, RI},
 series = {Graduate Studies in Mathematics},
 title = {Introduction to analytic and probabilistic number theory},
 url = {https://doi.org/10.1090/gsm/163},
 volume = {163},
 year = {2015}
}
