@article{tessitore.zabczyk:98:invariant,
  author        = {Tessitore, Gianmario and Zabczyk, Jerzy},
  fjournal      = {Probability and Mathematical Statistics},
  issn          = {0208-4147},
  journal       = {Probab. Math. Statist.},
  mrclass       = {60H15 (35K05 35R60)},
  mrnumber      = {1671596},
  mrreviewer    = {Giambattista Giacomin},
  number        = {2, Acta Univ. Wratislav. No. 2111},
  pages         = {271--287},
  title         = {Invariant measures for stochastic heat equations},
  volume        = {18},
  year          = {1998}
}
