@book{thomee:06:galerkin,
  author        = {Thom\'{e}e, Vidar},
  edition       = {Second},
  isbn          = {978-3-540-33121-6; 3-540-33121-2},
  mrclass       = {65-02 (65M15 65M60)},
  mrnumber      = {2249024},
  pages         = {xii+370},
  publisher     = {Springer-Verlag, Berlin},
  series        = {Springer Series in Computational Mathematics},
  title         = {Galerkin finite element methods for parabolic problems},
  volume        = {25},
  year          = {2006}
}
