@incollection{thompson:10:coulomb,
 author = {Thompson, I. J.},
 booktitle = {N{IST} handbook of mathematical functions},
 mrclass = {33E20},
 mrnumber = {2655373},
 pages = {741--756},
 publisher = {U.S. Dept. Commerce, Washington, DC},
 title = {Coulomb functions},
 year = {2010}
}
