@book{thompson:79:mathematical,
 author = {Thompson, Colin J.},
 isbn = {0-691-08219-7; 0-691-08220-0},
 mrclass = {82-01},
 mrnumber = {548873},
 note = {Reprinting of the 1972 original},
 pages = {x+278},
 publisher = {Princeton University Press, Princeton, N.J.},
 title = {Mathematical statistical mechanics},
 year = {1979}
}
