@article{tindel.unterberger:11:rough,
 author = {Tindel, Samy and Unterberger, J\'{e}r\'{e}mie},
 doi = {10.1007/s13348-010-0021-9},
 fjournal = {Collectanea Mathematica},
 issn = {0010-0757},
 journal = {Collect. Math.},
 mrclass = {60H05 (60G17 60G22 60H10)},
 mrnumber = {2792522},
 mrreviewer = {Hendrik Weber},
 number = {2},
 pages = {197--223},
 title = {The rough path associated to the multidimensional analytic f{B}m with any {H}urst parameter},
 url = {https://doi.org/10.1007/s13348-010-0021-9},
 volume = {62},
 year = {2011}
}
