@incollection{tindel.torrecilla:12:some,
  author        = {Tindel, Samy and Torrecilla, Iv\'{a}n},
  booktitle     = {Stochastic analysis and related topics},
  doi           = {10.1007/978-3-642-29982-7\_8},
  mrclass       = {60H05 (60G15 60G22 60H07)},
  mrnumber      = {3236092},
  pages         = {169--202},
  publisher     = {Springer, Heidelberg},
  series        = {Springer Proc. Math. Stat.},
  title         = {Some differential systems driven by a f{B}m with {H}urst parameter greater than 1/4},
  url           = {https://doi.org/10.1007/978-3-642-29982-7\_8},
  volume        = {22},
  year          = {2012}
}
