@incollection{tindel:09:on,
  author        = {Tindel, Samy},
  booktitle     = {Journ\'{e}es \'{E}lie {C}artan 2006, 2007 et 2008},
  mrclass       = {60H05 (60G17 60G22 60H07 60J60)},
  mrnumber      = {2792043},
  mrreviewer    = {Ciprian A. Tudor},
  pages         = {219--232},
  publisher     = {Univ. Nancy, Nancy},
  series        = {Inst. \'{E}lie Cartan},
  title         = {On fractional diffusion processes},
  volume        = {19},
  year          = {2009}
}
