@article{tindel.viens:99:on,
  author        = {Tindel, Samy and Viens, Frederi},
  doi           = {10.1006/jfan.1999.3486},
  fjournal      = {Journal of Functional Analysis},
  issn          = {0022-1236},
  journal       = {J. Funct. Anal.},
  mrclass       = {58J65 (22E30 35R60 60H15)},
  mrnumber      = {1730556},
  mrreviewer    = {Habib Ouerdiane},
  number        = {2},
  pages         = {559--603},
  title         = {On space-time regularity for the stochastic heat equation on {L}ie groups},
  url           = {https://doi.org/10.1006/jfan.1999.3486},
  volume        = {169},
  year          = {1999}
}
