@article{tindel.liu.ea:21:on,
 author = {Tindel, Samy and Liu, Yanghui and Lin, Guang},
 doi = {10.1007/s00245-019-09649-z},
 fjournal = {Applied Mathematics and Optimization},
 issn = {0095-4616},
 journal = {Appl. Math. Optim.},
 mrclass = {93E11 (45F05 60G35 94A12)},
 mrnumber = {4283932},
 mrreviewer = {Gennady Y. Kulikov},
 number = {1},
 pages = {399--423},
 title = {On the anticipative nonlinear filtering problem and its
stability},
 url = {https://doi.org/10.1007/s00245-019-09649-z},
 volume = {84},
 year = {2021}
}
