@article{tindel.viens:05:relating,
 author = {Tindel, Samy and Viens, Frederi},
 doi = {10.1007/s11118-004-0576-8},
 fjournal = {Potential Analysis. An International Journal Devoted to the Interactions between Potential Theory, Probability Theory, Geometry and Functional Analysis},
 issn = {0926-2601},
 journal = {Potential Anal.},
 mrclass = {60H15 (60G15)},
 mrnumber = {2137056},
 mrreviewer = {Hisao Watanabe},
 number = {2},
 pages = {101--125},
 title = {Relating the almost-sure {L}yapunov exponent of a parabolic {SPDE} and its coefficients' spatial regularity},
 url = {https://doi.org/10.1007/s11118-004-0576-8},
 volume = {22},
 year = {2005}
}
