@incollection{tindel:96:diffusion,
 author = {Tindel, Samy},
 booktitle = {Stochastic analysis and related topics, {V} ({S}ilivri,
1994)},
 mrclass = {60H15 (35R60)},
 mrnumber = {1396335},
 mrreviewer = {Fred Espen Benth},
 pages = {255--268},
 publisher = {Birkh\"{a}user Boston, Boston, MA},
 series = {Progr. Probab.},
 title = {Diffusion approximation for elliptic stochastic
differential equations},
 volume = {38},
 year = {1996}
}
