@article{tindel:97:stochastic,
 author = {Tindel, Samy},
 doi = {10.1080/17442509708834125},
 fjournal = {Stochastics and Stochastics Reports},
 issn = {1045-1129},
 journal = {Stochastics Stochastics Rep.},
 mrclass = {60H15 (60H07)},
 mrnumber = {1489179},
 number = {1-2},
 pages = {1--20},
 title = {Stochastic parabolic equations with anticipative initial
condition},
 url = {https://doi.org/10.1080/17442509708834125},
 volume = {62},
 year = {1997}
}
