@incollection{tindel.viens:02:regularity,
 author = {Tindel, S. and Viens, F.},
 booktitle = {Seminar on {S}tochastic {A}nalysis, {R}andom {F}ields and
{A}pplications, {III} ({A}scona, 1999)},
 mrclass = {60H15 (22E30 35A30 35R60)},
 mrnumber = {1958823},
 mrreviewer = {Sandra Cerrai},
 pages = {269--291},
 publisher = {Birkh\"{a}user, Basel},
 series = {Progr. Probab.},
 title = {Regularity conditions for parabolic {SPDE}s on {L}ie
groups},
 volume = {52},
 year = {2002}
}
