@article{tolle:20:stochastic*2,
 author = {T\"{o}lle, Jonas M.},
 doi = {10.1016/j.spa.2019.09.011},
 fjournal = {Stochastic Processes and their Applications},
 issn = {0304-4149,1879-209X},
 journal = {Stochastic Process. Appl.},
 mrclass = {35R60 (35B30 35K55 35K92 35R70 49J40 58J65 60H15)},
 mrnumber = {4080744},
 mrreviewer = {Le\ Chen},
 number = {5},
 pages = {3220--3248},
 title = {Stochastic evolution equations with singular drift and gradient noise via curvature and commutation conditions},
 url = {https://doi.org/10.1016/j.spa.2019.09.011},
 volume = {130},
 year = {2020}
}
