@article{tolomeo:20:unique,
  author        = {Tolomeo, Leonardo},
  doi           = {10.1007/s00220-020-03752-x},
  fjournal      = {Communications in Mathematical Physics},
  issn          = {0010-3616},
  journal       = {Comm. Math. Phys.},
  mrclass       = {58J51 (35R11 35R60 60H15)},
  mrnumber      = {4115018},
  mrreviewer    = {Renhai Wang},
  number        = {2},
  pages         = {1311--1347},
  title         = {Unique ergodicity for a class of stochastic hyperbolic equations with additive space-time white noise},
  url           = {https://doi.org/10.1007/s00220-020-03752-x},
  volume        = {377},
  year          = {2020}
}
