@article{tolomeo:21:global,
  author        = {Tolomeo, Leonardo},
  doi           = {10.1214/20-aop1484},
  fjournal      = {The Annals of Probability},
  issn          = {0091-1798},
  journal       = {Ann. Probab.},
  mrclass       = {60H15},
  mrnumber      = {4255148},
  mrreviewer    = {Milica \v{Z}igi\'{c}},
  number        = {3},
  pages         = {1402--1426},
  title         = {Global well posedness of the two-dimensional stochastic nonlinear wave equation on an unbounded domain},
  url           = {https://doi.org/10.1214/20-aop1484},
  volume        = {49},
  year          = {2021}
}
