@incollection{tracy.widom:00:distribution,
  author        = {Tracy, Craig A. and Widom, Harold},
  booktitle     = {Calogero-{M}oser-{S}utherland models ({M}ontr\'{e}al, {QC}, 1997)},
  mrclass       = {82B41 (15A52 60F99)},
  mrnumber      = {1844228},
  mrreviewer    = {Oleksiy Khorunzhiy},
  pages         = {461--472},
  publisher     = {Springer, New York},
  series        = {CRM Ser. Math. Phys.},
  title         = {The distribution of the largest eigenvalue in the {G}aussian ensembles: {$\beta=1,2,4$}},
  year          = {2000}
}
