@article{tracy.widom:14:on,
 author = {Tracy, Craig A. and Widom, Harold},
 doi = {10.1007/s10955-014-1061-4},
 fjournal = {Journal of Statistical Physics},
 issn = {0022-4715},
 journal = {J. Stat. Phys.},
 mrclass = {82B20 (82B26)},
 mrnumber = {3240873},
 number = {6},
 pages = {1125--1135},
 title = {On the singularities in the susceptibility expansion for
the two-dimensional {I}sing model},
 url = {https://doi.org/10.1007/s10955-014-1061-4},
 volume = {156},
 year = {2014}
}
