@article{tracy:91:asymptotics,
 author = {Tracy, Craig A.},
 fjournal = {Communications in Mathematical Physics},
 issn = {0010-3616},
 journal = {Comm. Math. Phys.},
 mrclass = {82B20 (82B23)},
 mrnumber = {1137066},
 mrreviewer = {Edward P. Osipov},
 number = {2},
 pages = {297--311},
 title = {Asymptotics of a {$\tau$}-function arising in the
two-dimensional {I}sing model},
 url = {http://projecteuclid.org/euclid.cmp/1104248587},
 volume = {142},
 year = {1991}
}
