@article{tracy.widom:01:on,
 author = {Tracy, Craig A. and Widom, Harold},
 doi = {10.1007/PL00008763},
 fjournal = {Probability Theory and Related Fields},
 issn = {0178-8051},
 journal = {Probab. Theory Related Fields},
 mrclass = {60C05 (05A15 68R05)},
 mrnumber = {1821139},
 mrreviewer = {David J. Aldous},
 number = {3},
 pages = {350--380},
 title = {On the distributions of the lengths of the longest
monotone subsequences in random words},
 url = {https://doi.org/10.1007/PL00008763},
 volume = {119},
 year = {2001}
}
