@article{tracy.widom:10:formulas*1,
 author = {Tracy, Craig A. and Widom, Harold},
 doi = {10.1007/s10955-010-0013-x},
 fjournal = {Journal of Statistical Physics},
 issn = {0022-4715},
 journal = {J. Stat. Phys.},
 mrclass = {60K35},
 mrnumber = {2670733},
 mrreviewer = {Dimitri Petritis},
 number = {4},
 pages = {619--634},
 title = {Formulas for {ASEP} with two-sided {B}ernoulli initial condition},
 url = {https://doi.org/10.1007/s10955-010-0013-x},
 volume = {140},
 year = {2010}
}
