@article{tracy.widom:10:formulas,
 author = {Tracy, Craig A. and Widom, Harold},
 doi = {10.1063/1.3431977},
 fjournal = {Journal of Mathematical Physics},
 issn = {0022-2488},
 journal = {J. Math. Phys.},
 mrclass = {82C22},
 mrnumber = {2675194},
 number = {6},
 pages = {063302, 10},
 title = {Formulas for joint probabilities for the asymmetric simple exclusion process},
 url = {https://doi.org/10.1063/1.3431977},
 volume = {51},
 year = {2010}
}
