@article{tracy.widom:05:matrix,
 author = {Tracy, Craig A. and Widom, Harold},
 fjournal = {Universit\'{e} de Grenoble. Annales de l'Institut Fourier},
 issn = {0373-0956},
 journal = {Ann. Inst. Fourier (Grenoble)},
 mrclass = {82C31 (47B34 47N30 60F99 82C22)},
 mrnumber = {2187952},
 mrreviewer = {Bruce A. Watson},
 number = {6},
 pages = {2197--2207},
 title = {Matrix kernels for the {G}aussian orthogonal and symplectic ensembles},
 url = {http://aif.cedram.org/item?id=AIF_2005__55_6_2197_0},
 volume = {55},
 year = {2005}
}
