@article{tracy.widom:04:differential,
 author = {Tracy, Craig A. and Widom, Harold},
 doi = {10.1007/s00220-004-1182-8},
 fjournal = {Communications in Mathematical Physics},
 issn = {0010-3616},
 journal = {Comm. Math. Phys.},
 mrclass = {82B41 (47N20 60J60)},
 mrnumber = {2103903},
 number = {1-3},
 pages = {7--41},
 title = {Differential equations for {D}yson processes},
 url = {https://doi.org/10.1007/s00220-004-1182-8},
 volume = {252},
 year = {2004}
}
