@incollection{tracy.widom:17:natural,
 author = {Tracy, Craig A. and Widom, Harold},
 booktitle = {Large truncated {T}oeplitz matrices, {T}oeplitz operators,
and related topics},
 mrclass = {47B35 (30E15 82B20)},
 mrnumber = {3674645},
 mrreviewer = {Hari Bercovici},
 pages = {703--718},
 publisher = {Birkh\"{a}user/Springer, Cham},
 series = {Oper. Theory Adv. Appl.},
 title = {Natural boundary for a sum involving {T}oeplitz
determinants},
 volume = {259},
 year = {2017}
}
