@incollection{tracy.widom:99:asymptotics,
  author        = {Tracy, Craig A. and Widom, Harold},
  booktitle     = {Spectral problems in geometry and arithmetic ({I}owa {C}ity, {IA}, 1997)},
  doi           = {10.1090/conm/237/1710795},
  mrclass       = {47G10 (34E05 37K60 47B35 82B41)},
  mrnumber      = {1710795},
  pages         = {167--174},
  publisher     = {Amer. Math. Soc., Providence, RI},
  series        = {Contemp. Math.},
  title         = {Asymptotics of a class of {F}redholm determinants},
  url           = {https://doi.org/10.1090/conm/237/1710795},
  volume        = {237},
  year          = {1999}
}
