@article{tracy.widom:08:dynamics,
 author = {Tracy, Craig A. and Widom, Harold},
 doi = {10.1088/1751-8113/41/48/485204},
 fjournal = {Journal of Physics. A. Mathematical and Theoretical},
 issn = {1751-8113},
 journal = {J. Phys. A},
 mrclass = {82C10},
 mrnumber = {2515881},
 number = {48},
 pages = {485204, 6},
 title = {The dynamics of the one-dimensional delta-function {B}ose
gas},
 url = {https://doi.org/10.1088/1751-8113/41/48/485204},
 volume = {41},
 year = {2008}
}
