@incollection{tracy.widom:02:on*1,
 author = {Tracy, Craig A. and Widom, Harold},
 booktitle = {Math{P}hys odyssey, 2001},
 mrclass = {62E10 (33E99 62P10 92D20)},
 mrnumber = {1903987},
 pages = {467--474},
 publisher = {Birkh\"{a}user Boston, Boston, MA},
 series = {Prog. Math. Phys.},
 title = {On a distribution function arising in computational
biology},
 volume = {23},
 year = {2002}
}
