@article{tracy.widom:96:proofs,
 author = {Tracy, C. A. and Widom, H.},
 fjournal = {Communications in Mathematical Physics},
 issn = {0010-3616},
 journal = {Comm. Math. Phys.},
 mrclass = {82B23 (45P05 81T40)},
 mrnumber = {1400757},
 mrreviewer = {Rinat M. Kashaev},
 number = {3},
 pages = {667--680},
 title = {Proofs of two conjectures related to the thermodynamic
{B}ethe ansatz},
 url = {http://projecteuclid.org/euclid.cmp/1104287120},
 volume = {179},
 year = {1996}
}
