@article{tracy.widom:13:on,
  author        = {Tracy, Craig A. and Widom, Harold},
  doi           = {10.1007/s10955-012-0531-9},
  fjournal      = {Journal of Statistical Physics},
  issn          = {0022-4715},
  journal       = {J. Stat. Phys.},
  mrclass       = {60K35 (82C22 82C44)},
  mrnumber      = {3024137},
  mrreviewer    = {Anja Vo\ss -B\"{o}hme},
  number        = {3},
  pages         = {457--470},
  title         = {On the asymmetric simple exclusion process with multiple species},
  url           = {https://doi.org/10.1007/s10955-012-0531-9},
  volume        = {150},
  year          = {2013}
}
