@incollection{tracy.widom:99:universality,
  author        = {Tracy, Craig A. and Widom, Harold},
  booktitle     = {Statistical physics on the eve of the 21st century},
  mrclass       = {82B41 (82-02)},
  mrnumber      = {1704004},
  pages         = {230--239},
  publisher     = {World Sci. Publ., River Edge, NJ},
  series        = {Ser. Adv. Statist. Mech.},
  title         = {Universality of the distribution functions of random matrix theory},
  volume        = {14},
  year          = {1999}
}
