@article{trauthwein:22:quantitative,
 author = {Tara Trauthwein},
 journal = {preprint arXiv:2212.03782},
 month = {December},
 title = {Quantitative CLTs on the Poisson space via Skorohod estimates and $p$-Poincarï¿½ inequalities},
 url = {http://arXiv.org/abs/2212.03782},
 year = {2022}
}
