@article{tribe:95:large,
  author        = {Tribe, Roger},
  doi           = {10.1007/BF01192463},
  fjournal      = {Probability Theory and Related Fields},
  issn          = {0178-8051},
  journal       = {Probab. Theory Related Fields},
  mrclass       = {60H15 (60G60)},
  mrnumber      = {1339735},
  mrreviewer    = {Robert C. Dalang},
  number        = {3},
  pages         = {289--311},
  title         = {Large time behavior of interface solutions to the heat equation with {F}isher-{W}right white noise},
  url           = {https://doi.org/10.1007/BF01192463},
  volume        = {102},
  year          = {1995}
}
