@book{tricomi:85:integral,
 author = {Tricomi, F. G.},
 isbn = {0-486-64828-1},
 mrclass = {45-01},
 mrnumber = {809184},
 note = {Reprint of the 1957 original},
 pages = {viii+238},
 publisher = {Dover Publications, Inc., New York},
 title = {Integral equations},
 year = {1985}
}
