@book{triebel:06:theory,
  author        = {Triebel, Hans},
  isbn          = {978-3-7643-7581-2; 3-7643-7581-7},
  mrclass       = {46E35 (46-02)},
  mrnumber      = {2250142},
  mrreviewer    = {Lubo\v{s} Pick},
  pages         = {xii+426},
  publisher     = {Birkh\"{a}user Verlag, Basel},
  series        = {Monographs in Mathematics},
  title         = {Theory of function spaces. {III}},
  volume        = {100},
  year          = {2006}
}
