@book{triebel:95:interpolation,
 author = {Triebel, Hans},
 edition = {Second},
 isbn = {3-335-00420-5},
 mrclass = {46-02 (35Jxx 46E10 46E35 46M35)},
 mrnumber = {1328645},
 pages = {532},
 publisher = {Johann Ambrosius Barth, Heidelberg},
 title = {Interpolation theory, function spaces, differential
operators},
 year = {1995}
}
