@book{triebel:83:theory,
 author = {Triebel, Hans},
 doi = {10.1007/978-3-0346-0416-1},
 isbn = {3-7643-1381-1},
 mrclass = {46Exx},
 mrnumber = {781540},
 pages = {284},
 publisher = {Birkh\"{a}user Verlag, Basel},
 series = {Monographs in Mathematics},
 title = {Theory of function spaces},
 url = {https://doi.org/10.1007/978-3-0346-0416-1},
 volume = {78},
 year = {1983}
}
