@article{trotter:84:eigenvalue,
 author = {Trotter, Hale F.},
 doi = {10.1016/0001-8708(84)90037-9},
 fjournal = {Advances in Mathematics},
 issn = {0001-8708},
 journal = {Adv. in Math.},
 mrclass = {60F99 (15A52 15A57 82A05)},
 mrnumber = {761763},
 mrreviewer = {M. L. Mehta},
 number = {1},
 pages = {67--82},
 title = {Eigenvalue distributions of large {H}ermitian matrices; {W}igner's semicircle law and a theorem of {K}ac, {M}urdock, and {S}zeg\H{o}},
 url = {https://doi.org/10.1016/0001-8708(84)90037-9},
 volume = {54},
 year = {1984}
}
