@article{truszczynski:84:graceful,
  author        = {Truszczynski, Miroslaw},
  journal       = {Demonstatio Mathematica},
  pages         = {377--387},
  title         = {Graceful unicyclic graphs},
  volume        = {17},
  year          = {1984}
}
