@article{tsai:16:infinite,
  author        = {Tsai, Li-Cheng},
  doi           = {10.1007/s00440-015-0672-2},
  fjournal      = {Probability Theory and Related Fields},
  issn          = {0178-8051},
  journal       = {Probab. Theory Related Fields},
  mrclass       = {60K35 (60G55 60J60)},
  mrnumber      = {3568040},
  mrreviewer    = {Hirofumi Osada},
  number        = {3-4},
  pages         = {801--850},
  title         = {Infinite dimensional stochastic differential equations for {D}yson's model},
  url           = {https://doi.org/10.1007/s00440-015-0672-2},
  volume        = {166},
  year          = {2016}
}
