@article{tsai:18:stationary,
  author        = {Tsai, Li-Cheng},
  doi           = {10.1214/18-ECP112},
  fjournal      = {Electronic Communications in Probability},
  journal       = {Electron. Commun. Probab.},
  mrclass       = {60J60 (60H10)},
  mrnumber      = {3771768},
  mrreviewer    = {Tomoyuki Ichiba},
  pages         = {Paper No. 10, 10},
  title         = {Stationary distributions of the {A}tlas model},
  url           = {https://doi.org/10.1214/18-ECP112},
  volume        = {23},
  year          = {2018}
}
