@incollection{tsai:21:large,
 author = {Tsai, Li-Cheng},
 booktitle = {Stochastic analysis, random fields and integrable
probability---{F}ukuoka 2019},
 mrclass = {60F10 (60H25)},
 mrnumber = {4397433},
 pages = {415--429},
 publisher = {Math. Soc. Japan, Tokyo},
 series = {Adv. Stud. Pure Math.},
 title = {Large deviations of the {KPZ} equation via the stochastic
{A}iry operator},
 volume = {87},
 year = {[2021] \copyright 2021}
}
