@article{tsatsoulis.weber:18:spectral,
  author        = {Tsatsoulis, Pavlos and Weber, Hendrik},
  doi           = {10.1214/17-AIHP837},
  fjournal      = {Annales de l'Institut Henri Poincar\'{e} Probabilit\'{e}s et Statistiques},
  issn          = {0246-0203},
  journal       = {Ann. Inst. Henri Poincar\'{e} Probab. Stat.},
  mrclass       = {60H15 (47A10 81T08)},
  mrnumber      = {3825880},
  mrreviewer    = {Jiang Lun Wu},
  number        = {3},
  pages         = {1204--1249},
  title         = {Spectral gap for the stochastic quantization equation on the 2-dimensional torus},
  url           = {https://doi.org/10.1214/17-AIHP837},
  volume        = {54},
  year          = {2018}
}
