@book{tschoegl:89:phenomenological,
 author = {Nichoas W. Tschoegl},
 isbn = {9783642736025},
 publisher = {Springer Berlin Heidelberg},
 title = {The Phenomenological Theory of Linear Viscoelastic Behavior: An Introduction},
 year = {1989}
}
