@incollection{tsujikawa:97:stability,
 author = {Tsujikawa, Tohru},
 booktitle = {China-{J}apan {S}ymposium on {R}eaction-{D}iffusion {E}quations and their {A}pplications and {C}omputational {A}spects ({S}hanghai, 1994)},
 mrclass = {35Q80 (35B35 92C15 92C35)},
 mrnumber = {1654389},
 pages = {159--165},
 publisher = {World Sci. Publ., River Edge, NJ},
 title = {Stability of aggregating patterns in a chemotaxis model including growth},
 year = {1997}
}
