@article{tsutsumi.mukasa:71:parabolic,
 author = {Tsutsumi, Masayoshi and Mukasa, Toshio},
 fjournal = {Funkcialaj Ekvacioj. Serio Internacia},
 issn = {0532-8721},
 journal = {Funkcial. Ekvac.},
 mrclass = {35Q99},
 mrnumber = {312097},
 mrreviewer = {A. Elcrat},
 pages = {89--110},
 title = {Parabolic regularizations for the generalized {K}orteweg-de {V}ries equation},
 url = {http://www.math.kobe-u.ac.jp/~fe/xml/mr0312097.xml},
 volume = {14},
 year = {1971}
}
