@article{tsutsumi:72:existence,
  author        = {Tsutsumi, Masayoshi},
  doi           = {10.2977/prims/1195193108},
  fjournal      = {Kyoto University. Research Institute for Mathematical Sciences. Publications},
  issn          = {0034-5318},
  journal       = {Publ. Res. Inst. Math. Sci.},
  mrclass       = {35K55},
  mrnumber      = {0312079},
  mrreviewer    = {G. W. Hedstrom},
  pages         = {211--229},
  title         = {Existence and nonexistence of global solutions for nonlinear parabolic equations},
  url           = {https://doi.org/10.2977/prims/1195193108},
  volume        = {8},
  year          = {1972}
}
