@article{tudor:04:fractional,
 author = {Tudor, Constantin},
 doi = {10.1081/SAP-200026448},
 fjournal = {Stochastic Analysis and Applications},
 issn = {0736-2994},
 journal = {Stochastic Anal. Appl.},
 mrclass = {60H07 (60H20)},
 mrnumber = {2089065},
 mrreviewer = {Rainer Buckdahn},
 number = {5},
 pages = {1209--1233},
 title = {Fractional bilinear stochastic equations with the drift in
the first fractional chaos},
 url = {https://doi.org/10.1081/SAP-200026448},
 volume = {22},
 year = {2004}
}
