@article{tudor:08:analysis,
  author        = {Tudor, Ciprian A.},
  doi           = {10.1051/ps:2007037},
  fjournal      = {ESAIM. Probability and Statistics},
  issn          = {1292-8100,1262-3318},
  journal       = {ESAIM Probab. Stat.},
  mrclass       = {60G18 (60G15 60H05 60H07)},
  mrnumber      = {2374640},
  mrreviewer    = {Ivan\ Nourdin},
  pages         = {230--257},
  title         = {Analysis of the {R}osenblatt process},
  url           = {https://doi.org/10.1051/ps:2007037},
  volume        = {12},
  year          = {2008}
}
