@article{tudor.viens:07:statistical,
  author        = {Tudor, Ciprian A. and Viens, Frederi G.},
  doi           = {10.1214/009053606000001541},
  fjournal      = {The Annals of Statistics},
  issn          = {0090-5364,2168-8966},
  journal       = {Ann. Statist.},
  mrclass       = {62M09 (60G18 60H07 60H10)},
  mrnumber      = {2341703},
  mrreviewer    = {Ross\ S.\ McVinish},
  number        = {3},
  pages         = {1183--1212},
  title         = {Statistical aspects of the fractional stochastic calculus},
  url           = {https://doi.org/10.1214/009053606000001541},
  volume        = {35},
  year          = {2007}
}
