@article{tudor.tudor:99:pseudo,
  author        = {Tudor, C. A. and Tudor, M.},
  fjournal      = {Mathematical Reports (Bucure\c sti)},
  issn          = {1582-3067,2285-3898},
  journal       = {Math. Rep. (Bucur.)},
  mrclass       = {60H10},
  mrnumber      = {1825773},
  number        = {2},
  pages         = {305--314},
  title         = {Pseudo almost periodic solutions of some stochastic differential equations},
  volume        = {1(51)},
  year          = {1999}
}
