@article{tudor:25:multidimensional,
  author        = {Tudor, Ciprian A.},
  doi           = {10.1090/tran/9284},
  fjournal      = {Transactions of the American Mathematical Society},
  issn          = {0002-9947},
  journal       = {Trans. Amer. Math. Soc.},
  mrclass       = {60F05 (60G15 60H05 60H07)},
  mrnumber      = {4850436},
  number        = {2},
  pages         = {1127--1165},
  title         = {Multidimensional {S}tein method and quantitative asymptotic independence},
  url           = {https://doi.org/10.1090/tran/9284},
  volume        = {378},
  year          = {2025}
}
