@incollection{tulino.verdu:11:asymptotic,
 author = {Tulino, A. M. and Verd\'{u}, S.},
 booktitle = {The {O}xford handbook of random matrix theory},
 mrclass = {60B20 (15B52 94A15)},
 mrnumber = {2932661},
 pages = {851--872},
 publisher = {Oxford Univ. Press, Oxford},
 title = {Asymptotic singular value distributions in information theory},
 year = {2011}
}
