@article{tzanetis:96:asymptotic,
 author = {Tzanetis, D. E.},
 doi = {10.1017/S001309150002280X},
 fjournal = {Proceedings of the Edinburgh Mathematical Society. Series II},
 issn = {0013-0915},
 journal = {Proc. Edinburgh Math. Soc. (2)},
 mrclass = {35B40 (35K60)},
 mrnumber = {1375669},
 number = {1},
 pages = {81--96},
 title = {Asymptotic behaviour and blow-up of some unbounded solutions for a semilinear heat equation},
 url = {https://doi.org/10.1017/S001309150002280X},
 volume = {39},
 year = {1996}
}
