@article{tzvetkov:08:invariant,
  author        = {Tzvetkov, Nikolay},
  doi           = {10.5802/aif.2422},
  fjournal      = {Universit\'{e} de Grenoble. Annales de l'Institut Fourier},
  issn          = {0373-0956},
  journal       = {Ann. Inst. Fourier (Grenoble)},
  mrclass       = {35Q55 (37K05 37L50)},
  mrnumber      = {2498359},
  mrreviewer    = {Enrique G. Reyes},
  number        = {7},
  pages         = {2543--2604},
  title         = {Invariant measures for the defocusing nonlinear {S}chr\"{o}dinger equation},
  url           = {https://doi.org/10.5802/aif.2422},
  volume        = {58},
  year          = {2008}
}
