@article{umarov:12:on,
  author        = {Umarov, Sabir},
  doi           = {10.1016/j.jde.2012.01.029},
  fjournal      = {Journal of Differential Equations},
  issn          = {0022-0396},
  journal       = {J. Differential Equations},
  mrclass       = {35R11},
  mrnumber      = {2902115},
  mrreviewer    = {Erwin Topp},
  number        = {10},
  pages         = {5217--5234},
  title         = {On fractional {D}uhamel's principle and its applications},
  url           = {https://doi.org/10.1016/j.jde.2012.01.029},
  volume        = {252},
  year          = {2012}
}
