@book{ustunel:95:introduction,
 author = {\"{U}st\"{u}nel, Ali S\"{u}leyman},
 doi = {10.1007/BFb0096328},
 isbn = {3-540-60170-8},
 mrclass = {60H07 (46F25 46G12 60H05)},
 mrnumber = {1439752},
 mrreviewer = {Daniel Ocone},
 pages = {x+95},
 publisher = {Springer-Verlag, Berlin},
 series = {Lecture Notes in Mathematics},
 title = {An introduction to analysis on {W}iener space},
 url = {https://doi.org/10.1007/BFb0096328},
 volume = {1610},
 year = {1995}
}
