@book{val-kov:75:lektsii-po-osnovam-geometricheskogo-modelirovaniya,
  author        = {Val{\cprime}kov, K. I.},
  mrclass       = {50D15},
  mrnumber      = {461276},
  mrreviewer    = {L. Bitay},
  pages         = {179 pp. (loose errata)},
  publisher     = {Izdat. Leningrad. Univ., Leningrad},
  title         = {{\cyr Lektsii po osnovam geometricheskogo modelirovaniya}},
  year          = {1975}
}
