@article{valko.virag:10:large,
  author        = {Valk\'{o}, Benedek and Vir\'{a}g, B\'{a}lint},
  doi           = {10.1214/09-AOP508},
  fjournal      = {The Annals of Probability},
  issn          = {0091-1798},
  journal       = {Ann. Probab.},
  mrclass       = {60B20 (15B52 60F10)},
  mrnumber      = {2674999},
  mrreviewer    = {Myl\`ene Ma\"{i}da},
  number        = {3},
  pages         = {1263--1279},
  title         = {Large gaps between random eigenvalues},
  url           = {https://doi.org/10.1214/09-AOP508},
  volume        = {38},
  year          = {2010}
}
