@article{valko.virag:09:continuum,
  author        = {Valk\'{o}, Benedek and Vir\'{a}g, B\'{a}lint},
  doi           = {10.1007/s00222-009-0180-z},
  fjournal      = {Inventiones Mathematicae},
  issn          = {0020-9910},
  journal       = {Invent. Math.},
  mrclass       = {60B20 (60G99)},
  mrnumber      = {2534097},
  mrreviewer    = {Ricardo Restrepo},
  number        = {3},
  pages         = {463--508},
  title         = {Continuum limits of random matrices and the {B}rownian carousel},
  url           = {https://doi.org/10.1007/s00222-009-0180-z},
  volume        = {177},
  year          = {2009}
}
