@incollection{van-otterlo.wiering:12:reinforcement,
 author = {Van Otterlo, Martijn and Wiering, Marco},
 booktitle = {Reinforcement Learning},
 pages = {3--42},
 publisher = {Springer},
 title = {Reinforcement learning and {Markov} decision processes},
 year = {2012}
}
