@book{van-der-vaart:00:asymptotic,
  author        = {Van der Vaart, Aad W},
  publisher     = {Cambridge University Press},
  title         = {Asymptotic Statistics},
  year          = {2000}
}
