@incollection{varadhan:03:large*1,
 author = {Varadhan, S. R. S.},
 booktitle = {Entropy},
 isbn = {0-691-11338-6},
 mrclass = {60F10 (94A17)},
 mrnumber = {2035822},
 mrreviewer = {Rita\ Giuliano Antonini},
 pages = {199--214},
 publisher = {Princeton Univ. Press, Princeton, NJ},
 series = {Princeton Ser. Appl. Math.},
 title = {Large deviations and entropy},
 year = {2003}
}
