@article{varadhan:95:self-diffusion,
 author = {Varadhan, S. R. S.},
 fjournal = {Annales de l'Institut Henri Poincar\'{e}. Probabilit\'{e}s
et Statistiques},
 issn = {0246-0203},
 journal = {Ann. Inst. H. Poincar\'{e} Probab. Statist.},
 mrclass = {60K35},
 mrnumber = {1340041},
 mrreviewer = {T. M. Liggett},
 number = {1},
 pages = {273--285},
 title = {Self-diffusion of a tagged particle in equilibrium for
asymmetric mean zero random walk with simple exclusion},
 url = {http://www.numdam.org/item?id=AIHPB_1995__31_1_273_0},
 volume = {31},
 year = {1995}
}
