@article{varadhan.williams:85:brownian,
 author = {Varadhan, S. R. S. and Williams, R. J.},
 doi = {10.1002/cpa.3160380405},
 fjournal = {Communications on Pure and Applied Mathematics},
 issn = {0010-3640,1097-0312},
 journal = {Comm. Pure Appl. Math.},
 mrclass = {60J60},
 mrnumber = {792398},
 mrreviewer = {Naresh\ C.\ Jain},
 number = {4},
 pages = {405--443},
 title = {Brownian motion in a wedge with oblique reflection},
 url = {https://doi.org/10.1002/cpa.3160380405},
 volume = {38},
 year = {1985}
}
