@incollection{varadhan:04:large,
 author = {Varadhan, Srinivasa R. S.},
 booktitle = {Stochastic analysis on large scale interacting systems},
 doi = {10.2969/aspm/03910001},
 mrclass = {60F10 (60K35 82C22 82C31)},
 mrnumber = {2073328},
 mrreviewer = {Boualem Djehiche},
 pages = {1--27},
 publisher = {Math. Soc. Japan, Tokyo},
 series = {Adv. Stud. Pure Math.},
 title = {Large deviations for the asymmetric simple exclusion
process},
 url = {https://doi.org/10.2969/aspm/03910001},
 volume = {39},
 year = {2004}
}
