@article{varadhan:91:scaling,
 author = {Varadhan, S. R. S.},
 fjournal = {Communications in Mathematical Physics},
 issn = {0010-3616,1432-0916},
 journal = {Comm. Math. Phys.},
 mrclass = {60K35 (60J60 82C22)},
 mrnumber = {1087387},
 mrreviewer = {D.\ W.\ Stroock},
 number = {2},
 pages = {313--353},
 title = {Scaling limits for interacting diffusions},
 url = {http://projecteuclid.org/euclid.cmp/1104202029},
 volume = {135},
 year = {1991}
}
