@incollection{vazquez:96:free,
  author        = {Vazquez, J. L.},
  booktitle     = {Free boundary problems, theory and applications ({Z}akopane, 1995)},
  mrclass       = {35R35 (76N10 76S05 80A20)},
  mrnumber      = {1462990},
  mrreviewer    = {Peter G. Danilaev},
  pages         = {277--302},
  publisher     = {Longman, Harlow},
  series        = {Pitman Res. Notes Math. Ser.},
  title         = {The free boundary problem for the heat equation with fixed gradient condition},
  volume        = {363},
  year          = {1996}
}
