@article{velazquez:02:stability,
 author = {Vel\'{a}zquez, J. J. L.},
 doi = {10.1137/S0036139900380049},
 fjournal = {SIAM Journal on Applied Mathematics},
 issn = {0036-1399},
 journal = {SIAM J. Appl. Math.},
 mrclass = {35K57 (35B35 35B40 92B05)},
 mrnumber = {1918569},
 number = {5},
 pages = {1581--1633},
 title = {Stability of some mechanisms of chemotactic aggregation},
 url = {https://doi.org/10.1137/S0036139900380049},
 volume = {62},
 year = {2002}
}
