@article{velazquez:93:estimates,
  author        = {Vel\'{a}zquez, J. J. L.},
  doi           = {10.1512/iumj.1993.42.42021},
  fjournal      = {Indiana University Mathematics Journal},
  issn          = {0022-2518},
  journal       = {Indiana Univ. Math. J.},
  mrclass       = {35B40 (35K55)},
  mrnumber      = {1237055},
  mrreviewer    = {Song Mu Zheng},
  number        = {2},
  pages         = {445--476},
  title         = {Estimates on the {$(n-1)$}-dimensional {H}ausdorff measure of the blow-up set for a semilinear heat equation},
  url           = {https://doi.org/10.1512/iumj.1993.42.42021},
  volume        = {42},
  year          = {1993}
}
