@article{veraar.zimmerschied:08:non-autonomous,
  author        = {Veraar, Mark and Zimmerschied, Jan},
  doi           = {10.4064/sm185-1-1},
  fjournal      = {Studia Mathematica},
  issn          = {0039-3223,1730-6337},
  journal       = {Studia Math.},
  mrclass       = {60H15 (34A60 34F05 35R60 47D06 47N20)},
  mrnumber      = {2379996},
  mrreviewer    = {Bernhard\ H.\ Haak},
  number        = {1},
  pages         = {1--34},
  title         = {Non-autonomous stochastic {C}auchy problems in {B}anach spaces},
  url           = {https://doi.org/10.4064/sm185-1-1},
  volume        = {185},
  year          = {2008}
}
