@article{veraar.weis:11:note,
  author        = {Veraar, Mark and Weis, Lutz},
  doi           = {10.1007/s10587-011-0023-0},
  fjournal      = {Czechoslovak Mathematical Journal},
  issn          = {0011-4642,1572-9141},
  journal       = {Czechoslovak Math. J.},
  mrclass       = {60H15 (35B65 35R60 46B09 47D06)},
  mrnumber      = {2853088},
  mrreviewer    = {Feng-Yu\ Wang},
  number        = {3},
  pages         = {743--758},
  title         = {A note on maximal estimates for stochastic convolutions},
  url           = {https://doi.org/10.1007/s10587-011-0023-0},
  volume        = {61(136)},
  year          = {2011}
}
