@article{veraar:10:non-autonomous,
  author        = {Veraar, Mark C.},
  doi           = {10.1007/s00028-009-0041-7},
  fjournal      = {Journal of Evolution Equations},
  issn          = {1424-3199,1424-3202},
  journal       = {J. Evol. Equ.},
  mrclass       = {60H15 (35R60 47D06 47N20)},
  mrnumber      = {2602928},
  number        = {1},
  pages         = {85--127},
  title         = {Non-autonomous stochastic evolution equations and applications to stochastic partial differential equations},
  url           = {https://doi.org/10.1007/s00028-009-0041-7},
  volume        = {10},
  year          = {2010}
}
