@article{veraar:12:stochastic,
  author        = {Veraar, Mark},
  doi           = {10.1080/17442508.2011.618883},
  fjournal      = {Stochastics. An International Journal of Probability and Stochastic Processes},
  issn          = {1744-2508,1744-2516},
  journal       = {Stochastics},
  mrclass       = {60H05},
  mrnumber      = {2966093},
  mrreviewer    = {Maria\ Jolis},
  number        = {4},
  pages         = {543--551},
  title         = {The stochastic {F}ubini theorem revisited},
  url           = {https://doi.org/10.1080/17442508.2011.618883},
  volume        = {84},
  year          = {2012}
}
