@book{vilenkin:68:special,
 author = {Vilenkin, N. Ja.},
 mrclass = {33.00 (22.00)},
 mrnumber = {229863},
 note = {Translated from the Russian by V. N. Singh},
 pages = {x+613},
 publisher = {American Mathematical Society, Providence, RI},
 series = {Translations of Mathematical Monographs, Vol. 22},
 title = {Special functions and the theory of group
representations},
 year = {1968}
}
