@article{vincent.mason:69:disconnected,
  author        = {Vincent, Thomas L. and Mason, Joseph D.},
  doi           = {10.1007/BF00926527},
  fjournal      = {Journal of Optimization Theory and Applications},
  issn          = {0022-3239},
  journal       = {J. Optim. Theory Appl.},
  mrclass       = {49.20},
  mrnumber      = {246185},
  mrreviewer    = {G. M. Ewing},
  pages         = {263--281},
  title         = {Disconnected optimal trajectories},
  url           = {https://doi.org/10.1007/BF00926527},
  volume        = {3},
  year          = {1969}
}
