@incollection{viot:75:equations,
 author = {Viot, Michel},
 booktitle = {S\'{e}minaire sur les \'{E}quations aux {D}\'{e}riv\'{e}es
{P}artielles (1974--1975), {III}, {E}xp. {N}o. 1},
 mrclass = {35R99 (60H15)},
 mrnumber = {0610619},
 pages = {16},
 publisher = {Coll\`ege de France, Paris},
 title = {\'{E}quations aux d\'{e}riv\'{e}es partielles
stochastiques: formulation faible},
 year = {1975}
}
