@article{volkonskiui.rozanov:59:some,
 author = {Volkonskiu{i}, V. A. and Rozanov, Yu. A.},
 doi = {10.1137/1104015},
 fjournal = {Theory of Probability and its Applications},
 issn = {0040-585X},
 journal = {Theor. Probability Appl.},
 mrclass = {60.00},
 mrnumber = {121856},
 pages = {178--197},
 title = {Some limit theorems for random functions. {I}},
 url = {https://doi.org/10.1137/1104015},
 volume = {4},
 year = {1959}
}
