@incollection{volkmer:10:lame,
 author = {Volkmer, H.},
 booktitle = {N{IST} handbook of mathematical functions},
 mrclass = {33E10},
 mrnumber = {2655369},
 pages = {683--695},
 publisher = {U.S. Dept. Commerce, Washington, DC},
 title = {Lam\'{e} functions},
 year = {2010}
}
