@book{volkenshtein:63:configurational,
 author = {Volkenshtein, Mikhail Vladimirovich},
 publisher = {Interscience Publishers},
 title = {Configurational statistics of polymeric chains},
 volume = {17},
 year = {1963}
}
