@article{voroshilov.kilbas:06:cauchy,
 author = {Voroshilov, A. A. and Kilbas, A. A.},
 doi = {10.1134/S0012266106050041},
 fjournal = {Differentsial{\cprime}nye Uravneniya},
 issn = {0374-0641},
 journal = {Differ. Uravn.},
 mrclass = {35L15 (26A33 35-04 35C05 65M99)},
 mrnumber = {2292158},
 number = {5},
 pages = {599--609, 717},
 title = {The {C}auchy problem for a diffusion-wave equation with the {C}aputo partial derivative},
 url = {https://doi.org/10.1134/S0012266106050041},
 volume = {42},
 year = {2006}
}
