@inproceedings{wagner.willhalm:03:geometric,
  author        = {Wagner, Dorothea and Willhalm, Thomas},
  booktitle     = {European Symposium on Algorithms},
  organization  = {Springer},
  pages         = {776--787},
  title         = {Geometric speed-up techniques for finding shortest paths in large sparse graphs},
  year          = {2003}
}
