@book{wainwright:19:high-dimensional,
 author = {Wainwright, Martin J.},
 doi = {10.1017/9781108627771},
 isbn = {978-1-108-49802-9},
 mrclass = {62-01 (60B20 60E15 60Fxx 62Gxx 62Hxx 62Jxx)},
 mrnumber = {3967104},
 mrreviewer = {Pierre Alquier},
 note = {A non-asymptotic viewpoint},
 pages = {xvii+552},
 publisher = {Cambridge University Press, Cambridge},
 series = {Cambridge Series in Statistical and Probabilistic Mathematics},
 title = {High-dimensional statistics},
 url = {https://doi.org/10.1017/9781108627771},
 volume = {48},
 year = {2019}
}
