@article{walsh:74:exact,
 author = {Walsh, John E.},
 doi = {10.1007/BF02479810},
 fjournal = {Annals of the Institute of Statistical Mathematics},
 issn = {0020-3157},
 journal = {Ann. Inst. Statist. Math.},
 mrclass = {62J10},
 mrnumber = {353589},
 mrreviewer = {D. V. Chopra},
 pages = {147--152},
 title = {Exact investigation of all effects for extensions of
one-way {ANOVA} model with random effects},
 url = {https://doi.org/10.1007/BF02479810},
 volume = {26},
 year = {1974}
}
