@book{walter:70:differential,
  author        = {Walter, Wolfgang},
  mrclass       = {34.90 (35.00)},
  mrnumber      = {0271508},
  note          = {Translated from the German by Lisa Rosenblatt and Lawrence Shampine},
  pages         = {x+352},
  publisher     = {Springer-Verlag, New York-Berlin},
  series        = {Ergebnisse der Mathematik und ihrer Grenzgebiete, Band 55},
  title         = {Differential and integral inequalities},
  year          = {1970}
}
