@book{walters:82:introduction,
 author = {Walters, Peter},
 isbn = {0-387-90599-5},
 mrclass = {28Dxx (54H20 58F11)},
 mrnumber = {648108},
 mrreviewer = {M. A. Akcoglu},
 pages = {ix+250},
 publisher = {Springer-Verlag, New York-Berlin},
 series = {Graduate Texts in Mathematics},
 title = {An introduction to ergodic theory},
 volume = {79},
 year = {1982}
}
