@book{wang:08:spiked,
  author        = {Wang, Dong},
  isbn          = {978-0549-53984-1},
  mrclass       = {Thesis},
  mrnumber      = {2711517},
  note          = {Thesis (Ph.D.)--Brandeis University},
  pages         = {143},
  publisher     = {ProQuest LLC, Ann Arbor, MI},
  title         = {Spiked models in {W}ishart ensemble},
  url           = {http://gateway.proquest.com/openurl?url\_ver=Z39.88-2004\&rft\_val\_fmt=info:ofi/fmt:kev:mtx:dissertation\&res\_dat=xri:pqdiss\&rft\_dat=xri:pqdiss:3306459},
  year          = {2008}
}
