@article{wang:00:qualitative,
 author = {Wang, Xuefeng},
 doi = {10.1137/S0036141098339897},
 fjournal = {SIAM Journal on Mathematical Analysis},
 issn = {0036-1410},
 journal = {SIAM J. Math. Anal.},
 mrclass = {35K57 (35B35 35Q80 92C17)},
 mrnumber = {1740723},
 mrreviewer = {Yuzo Hosono},
 number = {3},
 pages = {535--560},
 title = {Qualitative behavior of solutions of chemotactic diffusion systems: effects of motility and chemotaxis and dynamics},
 url = {https://doi.org/10.1137/S0036141098339897},
 volume = {31},
 year = {2000}
}
