@article{wang.su.ea:20:moduli,
  author        = {Wang, Wensheng and Su, Zhonggen and Xiao, Yimin},
  doi           = {10.3150/19-BEJ1162},
  fjournal      = {Bernoulli. Official Journal of the Bernoulli Society for Mathematical Statistics and Probability},
  issn          = {1350-7265,1573-9759},
  journal       = {Bernoulli},
  mrclass       = {60G15 (60G17 60G22 60G60)},
  mrnumber      = {4058372},
  mrreviewer    = {Anatoliy\ Malyarenko},
  number        = {2},
  pages         = {1410--1430},
  title         = {The moduli of non-differentiability for {G}aussian random fields with stationary increments},
  url           = {https://doi.org/10.3150/19-BEJ1162},
  volume        = {26},
  year          = {2020}
}
