@article{wang:16:global,
 author = {Wang, Yilong},
 doi = {10.1002/mma.3561},
 fjournal = {Mathematical Methods in the Applied Sciences},
 issn = {0170-4214},
 journal = {Math. Methods Appl. Sci.},
 mrclass = {92C17 (35A01 35D30 35K51 35K59 35K65 35Q92)},
 mrnumber = {3474152},
 number = {5},
 pages = {1159--1175},
 title = {Global bounded weak solutions to a degenerate quasilinear chemotaxis system with rotation},
 url = {https://doi.org/10.1002/mma.3561},
 volume = {39},
 year = {2016}
}
