@article{wang.zhu.ea:23:long,
  author        = {Wang, Chang-Jian and Zhu, Ya-Jie and Zhu, Xin-Cai},
  fjournal      = {Electronic Journal of Qualitative Theory of Differential Equations},
  journal       = {Electron. J. Qual. Theory Differ. Equ.},
  mrclass       = {92C17 (35M30 35Q92)},
  mrnumber      = {4577527},
  mrreviewer    = {Yilong Wang},
  pages         = {Paper No. 11, 21},
  title         = {Long time behavior of the solution to a chemotaxis system with nonlinear indirect signal production and logistic source},
  year          = {2023}
}
