@article{wang.zhang:19:pathwise,
 author = {Wang, Chen and Zhang, Tusheng},
 doi = {10.1016/j.spl.2019.02.010},
 fjournal = {Statistics \& Probability Letters},
 issn = {0167-7152},
 journal = {Statist. Probab. Lett.},
 mrclass = {60H10 (34A12 34A40 60J60)},
 mrnumber = {3922489},
 pages = {61--67},
 title = {Pathwise uniqueness and non-explosion of {SDE}s driven by compensated {P}oisson random measures},
 url = {https://doi.org/10.1016/j.spl.2019.02.010},
 volume = {150},
 year = {2019}
}
