@article{wang.zhai.ea:16:exponential,
 author = {Wang, Ran and Zhai, Jianliang and Zhang, Tusheng},
 doi = {10.1016/j.na.2015.11.009},
 fjournal = {Nonlinear Analysis. Theory, Methods \& Applications. An
International Multidisciplinary Journal},
 issn = {0362-546X},
 journal = {Nonlinear Anal.},
 mrclass = {60H15 (35Q35 35R60 37L55)},
 mrnumber = {3433962},
 pages = {196--213},
 title = {Exponential mixing for stochastic model of two-dimensional
second grade fluids},
 url = {https://doi.org/10.1016/j.na.2015.11.009},
 volume = {132},
 year = {2016}
}
