@article{wang:97:state,
 author = {Wang, H.},
 doi = {10.1007/s004400050124},
 fjournal = {Probability Theory and Related Fields},
 issn = {0178-8051},
 journal = {Probab. Theory Related Fields},
 mrclass = {60J55},
 mrnumber = {1469919},
 mrreviewer = {Srikanth K. Iyer},
 number = {1},
 pages = {39--55},
 title = {State classification for a class of measure-valued
branching diffusions in a {B}rownian medium},
 url = {https://doi.org/10.1007/s004400050124},
 volume = {109},
 year = {1997}
}
