@article{wang:16:quasilinear,
  author        = {Wang, Yilong},
  doi           = {10.1016/j.jmaa.2016.03.061},
  fjournal      = {Journal of Mathematical Analysis and Applications},
  issn          = {0022-247X},
  journal       = {J. Math. Anal. Appl.},
  mrclass       = {35M33 (35A01 35A02 35B40 35C09 35Q92)},
  mrnumber      = {3488057},
  number        = {1},
  pages         = {259--292},
  title         = {A quasilinear attraction-repulsion chemotaxis system of parabolic-elliptic type with logistic source},
  url           = {https://doi.org/10.1016/j.jmaa.2016.03.061},
  volume        = {441},
  year          = {2016}
}
