@article{wang:98:class,
 author = {Wang, H.},
 doi = {10.1080/07362999808809560},
 fjournal = {Stochastic Analysis and Applications},
 issn = {0736-2994},
 journal = {Stochastic Anal. Appl.},
 mrclass = {60J80 (60F17 60K35)},
 mrnumber = {1632574},
 mrreviewer = {Alexander Schied},
 number = {4},
 pages = {753--786},
 title = {A class of measure-valued branching diffusions in a random medium},
 url = {https://doi.org/10.1080/07362999808809560},
 volume = {16},
 year = {1998}
}
