@article{wang.zhang:20:talagrand,
  author        = {Wang, Feng-yu and Zhang, Tu-sheng},
  doi           = {10.1007/s10255-020-0926-3},
  fjournal      = {Acta Mathematicae Applicatae Sinica. English Series},
  issn          = {0168-9673},
  journal       = {Acta Math. Appl. Sin. Engl. Ser.},
  mrclass       = {60J25 (60G30 60H15)},
  mrnumber      = {4083440},
  number        = {2},
  pages         = {253--261},
  title         = {Talagrand inequality on free path space and application to stochastic reaction diffusion equations},
  url           = {https://doi.org/10.1007/s10255-020-0926-3},
  volume        = {36},
  year          = {2020}
}
