@article{wang.xiao:22:lower,
 author = {Wang, Ran and Xiao, Yimin},
 doi = {10.1016/j.jmaa.2022.126320},
 fjournal = {Journal of Mathematical Analysis and Applications},
 issn = {0022-247X,1096-0813},
 journal = {J. Math. Anal. Appl.},
 mrclass = {60G22 (60G15)},
 mrnumber = {4426115},
 mrreviewer = {Mounir\ Zili},
 number = {2},
 pages = {Paper No. 126320, 31},
 title = {Lower functions and {C}hung's {LIL}s of the generalized
fractional {B}rownian motion},
 url = {https://doi.org/10.1016/j.jmaa.2022.126320},
 volume = {514},
 year = {2022}
}
