@article{wang.zhai.ea:15:moderate,
 author = {Wang, Ran and Zhai, Jianliang and Zhang, Tusheng},
 doi = {10.1016/j.jde.2015.01.008},
 fjournal = {Journal of Differential Equations},
 issn = {0022-0396},
 journal = {J. Differential Equations},
 mrclass = {60H15 (35Q30 35R60 60F05 60F10)},
 mrnumber = {3319423},
 mrreviewer = {Kumarasamy Sakthivel},
 number = {10},
 pages = {3363--3390},
 title = {A moderate deviation principle for 2-{D} stochastic
{N}avier-{S}tokes equations},
 url = {https://doi.org/10.1016/j.jde.2015.01.008},
 volume = {258},
 year = {2015}
}
