@book{wasow:87:asymptotic,
 author = {Wasow, Wolfgang},
 isbn = {0-486-65456-7},
 mrclass = {34-02 (34E05)},
 mrnumber = {919406},
 note = {Reprint of the 1976 edition},
 pages = {x+374},
 publisher = {Dover Publications, Inc., New York},
 title = {Asymptotic expansions for ordinary differential equations},
 year = {1987}
}
