@book{watson:44:treatise,
  author        = {Watson, G. N.},
  mrclass       = {33.0X},
  mrnumber      = {0010746},
  mrreviewer    = {G. Szeg\"{o}},
  pages         = {vi+804},
  publisher     = {Cambridge University Press, Cambridge, England; Macmillan Company, New York},
  title         = {A {T}reatise on the {T}heory of {B}essel {F}unctions},
  year          = {1944}
}
