@article{weinberger:02:on,
 author = {Weinberger, Hans F.},
 doi = {10.1007/s00285-002-0169-3},
 fjournal = {Journal of Mathematical Biology},
 issn = {0303-6812},
 journal = {J. Math. Biol.},
 mrclass = {92D40 (35K57 92D25)},
 mrnumber = {1943224},
 number = {6},
 pages = {511--548},
 title = {On spreading speeds and traveling waves for growth and
migration models in a periodic habitat},
 url = {https://doi.org/10.1007/s00285-002-0169-3},
 volume = {45},
 year = {2002}
}
