@article{weissler:84:single,
 author = {Weissler, Fred B.},
 doi = {10.1016/0022-0396(84)90081-0},
 fjournal = {Journal of Differential Equations},
 issn = {0022-0396},
 journal = {J. Differential Equations},
 mrclass = {35K55 (35B40)},
 mrnumber = {764124},
 mrreviewer = {R. Glassey},
 number = {2},
 pages = {204--224},
 title = {Single point blow-up for a semilinear initial value
problem},
 url = {https://doi.org/10.1016/0022-0396(84)90081-0},
 volume = {55},
 year = {1984}
}
