@article{wen.zhang:11:improved,
 author = {Wen, C. H. and Zhang, T. S.},
 doi = {10.1016/j.cam.2010.11.002},
 fjournal = {Journal of Computational and Applied Mathematics},
 issn = {0377-0427},
 journal = {J. Comput. Appl. Math.},
 mrclass = {45R05 (60H20 65R20)},
 mrnumber = {2763162},
 number = {8},
 pages = {2492--2501},
 title = {Improved rectangular method on stochastic {V}olterra equations},
 url = {https://doi.org/10.1016/j.cam.2010.11.002},
 volume = {235},
 year = {2011}
}
