@article{wen.zhang:09:rectangular,
 author = {Wen, C. H. and Zhang, T. S.},
 fjournal = {International Journal of Applied Mathematics \& Statistics},
 issn = {0973-1377},
 journal = {Int. J. Appl. Math. Stat.},
 mrclass = {60H20 (65C30)},
 mrnumber = {2524870},
 mrreviewer = {Roger Pettersson},
 number = {J09},
 pages = {12--26},
 title = {Rectangular method on stochastic {V}olterra equations},
 volume = {14},
 year = {2009}
}
