@misc{wermelinger:14:graph,
 author = {Felix Wermelinger},
 month = {jan},
 title = {Graph Exploration},
 year = {2014}
}
