@article{whittle:54:on,
  author        = {Whittle, P.},
  doi           = {10.1093/biomet/41.3-4.434},
  fjournal      = {Biometrika},
  issn          = {0006-3444},
  journal       = {Biometrika},
  mrclass       = {62.0X},
  mrnumber      = {67450},
  mrreviewer    = {D. G. Kendall},
  pages         = {434--449},
  title         = {On stationary processes in the plane},
  url           = {https://doi.org/10.1093/biomet/41.3-4.434},
  volume        = {41},
  year          = {1954}
}
