@book{widder:41:laplace,
 author = {Widder, David Vernon},
 mrclass = {42.4X},
 mrnumber = {0005923},
 mrreviewer = {J. D. Tamarkin},
 pages = {x+406},
 publisher = {Princeton University Press, Princeton, N. J.},
 series = {Princeton Mathematical Series, vol. 6},
 title = {The {L}aplace {T}ransform},
 year = {1941}
}
