@article{wigner:58:on*1,
 author = {Wigner, Eugene P},
 journal = {Annals of Mathematics},
 pages = {325--327},
 publisher = {JSTOR},
 title = {On the distribution of the roots of certain symmetric
matrices},
 year = {1958}
}
