@article{wigner:55:characteristic,
  author        = {Wigner, Eugene P.},
  doi           = {10.2307/1970079},
  fjournal      = {Annals of Mathematics. Second Series},
  issn          = {0003-486X},
  journal       = {Ann. of Math. (2)},
  mrclass       = {60.0X},
  mrnumber      = {77805},
  mrreviewer    = {J. G. Wendel},
  pages         = {548--564},
  title         = {Characteristic vectors of bordered matrices with infinite dimensions},
  url           = {https://doi.org/10.2307/1970079},
  volume        = {62},
  year          = {1955}
}
