@article{wild:51:on,
  author        = {Wild, E.},
  doi           = {10.1017/s0305004100026992},
  fjournal      = {Proceedings of the Cambridge Philosophical Society},
  issn          = {0008-1981},
  journal       = {Proc. Cambridge Philos. Soc.},
  mrclass       = {80.1X},
  mrnumber      = {42999},
  mrreviewer    = {C. A. Truesdell},
  pages         = {602--609},
  title         = {On {B}oltzmann's equation in the kinetic theory of gases},
  url           = {https://doi.org/10.1017/s0305004100026992},
  volume        = {47},
  year          = {1951}
}
