@article{wilkinson.edwards:82:spontaneous,
  author        = {Wilkinson, D. R. and Edwards, S. F.},
  doi           = {10.1098/rspa.1982.0057},
  fjournal      = {Proceedings of the Royal Society. London. Series A. Mathematical, Physical and Engineering Sciences},
  issn          = {0962-8444},
  journal       = {Proc. Roy. Soc. London Ser. A},
  mrclass       = {82A43},
  mrnumber      = {661715},
  number        = {1780},
  pages         = {33--51},
  title         = {Spontaneous interparticle percolation},
  url           = {https://doi.org/10.1098/rspa.1982.0057},
  volume        = {381},
  year          = {1982}
}
