@article{winkler.yokota:18:stabilization,
  author        = {Winkler, Michael and Yokota, Tomomi},
  doi           = {10.1016/j.na.2018.01.002},
  fjournal      = {Nonlinear Analysis. Theory, Methods \& Applications. An International Multidisciplinary Journal},
  issn          = {0362-546X},
  journal       = {Nonlinear Anal.},
  mrclass       = {35K51 (35B40 35K59 35K65 35K67 92C17)},
  mrnumber      = {3765558},
  pages         = {123--141},
  title         = {Stabilization in the logarithmic {K}eller-{S}egel system},
  url           = {https://doi.org/10.1016/j.na.2018.01.002},
  volume        = {170},
  year          = {2018}
}
