@article{winkler:18:finite-time,
 author = {Winkler, Michael},
 doi = {10.1007/s00033-018-0935-8},
 fjournal = {Zeitschrift f\"{u}r Angewandte Mathematik und Physik.
ZAMP. Journal of Applied Mathematics and Physics. Journal
de Math\'{e}matiques et de Physique Appliqu\'{e}es},
 issn = {0044-2275},
 journal = {Z. Angew. Math. Phys.},
 mrclass = {35M33 (35A01 35B44 35K65 92C17)},
 mrnumber = {3772030},
 number = {2},
 pages = {Paper No. 69, 40},
 title = {Finite-time blow-up in low-dimensional {K}eller-{S}egel
systems with logistic-type superlinear degradation},
 url = {https://doi.org/10.1007/s00033-018-0935-8},
 volume = {69},
 year = {2018}
}
