@article{winkler:10:absence,
 author = {Winkler, Michael},
 doi = {10.1002/mana.200810838},
 fjournal = {Mathematische Nachrichten},
 issn = {0025-584X},
 journal = {Math. Nachr.},
 mrclass = {35K51 (35A01 35A02 35B45 35Q92 92C17)},
 mrnumber = {2759803},
 mrreviewer = {Narcisa C. Apreutesei},
 number = {11},
 pages = {1664--1673},
 title = {Absence of collapse in a parabolic chemotaxis system with signal-dependent sensitivity},
 url = {https://doi.org/10.1002/mana.200810838},
 volume = {283},
 year = {2010}
}
