@article{winkler:11:blow-up,
 author = {Winkler, Michael},
 doi = {10.1016/j.jmaa.2011.05.057},
 fjournal = {Journal of Mathematical Analysis and Applications},
 issn = {0022-247X},
 journal = {J. Math. Anal. Appl.},
 mrclass = {35Q92 (35A09 35B07 35B44 35K59 35M33 92C17)},
 mrnumber = {2825180},
 mrreviewer = {Youshan Tao},
 number = {2},
 pages = {261--272},
 title = {Blow-up in a higher-dimensional chemotaxis system despite
logistic growth restriction},
 url = {https://doi.org/10.1016/j.jmaa.2011.05.057},
 volume = {384},
 year = {2011}
}
