@article{winkler:19:three-dimensional,
 author = {Winkler, Michael},
 doi = {10.1016/j.jfa.2018.12.009},
 fjournal = {Journal of Functional Analysis},
 issn = {0022-1236},
 journal = {J. Funct. Anal.},
 mrclass = {35Q35 (35B40 35D30 35K55 92C17)},
 mrnumber = {3912779},
 mrreviewer = {Christian Stinner},
 number = {5},
 pages = {1339--1401},
 title = {A three-dimensional {K}eller-{S}egel-{N}avier-{S}tokes system with logistic source: global weak solutions and asymptotic stabilization},
 url = {https://doi.org/10.1016/j.jfa.2018.12.009},
 volume = {276},
 year = {2019}
}
