@article{winkler:10:boundedness,
 author = {Winkler, Michael},
 doi = {10.1080/03605300903473426},
 fjournal = {Communications in Partial Differential Equations},
 issn = {0360-5302},
 journal = {Comm. Partial Differential Equations},
 mrclass = {35K51 (35A01 35A02 35A09 92C17)},
 mrnumber = {2754053},
 mrreviewer = {Narcisa C. Apreutesei},
 number = {8},
 pages = {1516--1537},
 title = {Boundedness in the higher-dimensional parabolic-parabolic
chemotaxis system with logistic source},
 url = {https://doi.org/10.1080/03605300903473426},
 volume = {35},
 year = {2010}
}
