@article{winkler:13:finite-time,
  author        = {Winkler, Michael},
  doi           = {10.1016/j.matpur.2013.01.020},
  fjournal      = {Journal de Math\'{e}matiques Pures et Appliqu\'{e}es. Neuvi\`eme S\'{e}rie},
  issn          = {0021-7824},
  journal       = {J. Math. Pures Appl. (9)},
  mrclass       = {35K57 (35B44 35B45)},
  mrnumber      = {3115832},
  mrreviewer    = {Daniela Giachetti},
  number        = {5},
  pages         = {748--767},
  title         = {Finite-time blow-up in the higher-dimensional parabolic-parabolic {K}eller-{S}egel system},
  url           = {https://doi.org/10.1016/j.matpur.2013.01.020},
  volume        = {100},
  year          = {2013}
}
