@article{winkler:19:how,
 author = {Winkler, Michael},
 doi = {10.1007/s00208-018-1722-8},
 fjournal = {Mathematische Annalen},
 issn = {0025-5831},
 journal = {Math. Ann.},
 mrclass = {35M33 (35B33 35B40 35B44 35K65 92C17)},
 mrnumber = {3953127},
 mrreviewer = {Si Ning Zheng},
 number = {3-4},
 pages = {1237--1282},
 title = {How unstable is spatial homogeneity in {K}eller-{S}egel
systems? {A} new critical mass phenomenon in two- and
higher-dimensional parabolic-elliptic cases},
 url = {https://doi.org/10.1007/s00208-018-1722-8},
 volume = {373},
 year = {2019}
}
