@article{winkel:05:electronic,
 author = {Winkel, Matthias},
 doi = {10.1017/s0021900200000115},
 fjournal = {Journal of Applied Probability},
 issn = {0021-9002},
 journal = {J. Appl. Probab.},
 mrclass = {60G51 (91B26 91B70)},
 mrnumber = {2144899},
 mrreviewer = {Sergio Ortobelli Lozza},
 number = {1},
 pages = {138--152},
 title = {Electronic foreign-exchange markets and passage events of
independent subordinators},
 url = {https://doi.org/10.1017/s0021900200000115},
 volume = {42},
 year = {2005}
}
