@article{winkler:19:does,
 author = {Winkler, Michael},
 doi = {10.1007/s00030-019-0600-8},
 fjournal = {NoDEA. Nonlinear Differential Equations and Applications},
 issn = {1021-9722},
 journal = {NoDEA Nonlinear Differential Equations Appl.},
 mrclass = {92C17 (35Q35 35Q92)},
 mrnumber = {4029527},
 number = {6},
 pages = {Paper No. 48, 22},
 title = {Does repulsion-type directional preference in chemotactic migration continue to regularize {K}eller-{S}egel systems when coupled to the {N}avier-{S}tokes equations?},
 url = {https://doi.org/10.1007/s00030-019-0600-8},
 volume = {26},
 year = {2019}
}
