@article{winkler:10:does,
 author = {Winkler, Michael},
 doi = {10.1002/mma.1146},
 fjournal = {Mathematical Methods in the Applied Sciences},
 issn = {0170-4214},
 journal = {Math. Methods Appl. Sci.},
 mrclass = {35K51 (35B40 92C17)},
 mrnumber = {2591220},
 number = {1},
 pages = {12--24},
 title = {Does a `volume-filling effect' always prevent chemotactic collapse?},
 url = {https://doi.org/10.1002/mma.1146},
 volume = {33},
 year = {2010}
}
