@article{winkler:11:global,
 author = {Winkler, Michael},
 doi = {10.1002/mma.1346},
 fjournal = {Mathematical Methods in the Applied Sciences},
 issn = {0170-4214},
 journal = {Math. Methods Appl. Sci.},
 mrclass = {35K51 (35A01 35A09 35D30 92C17)},
 mrnumber = {2778870},
 mrreviewer = {Temur Jangveladze},
 number = {2},
 pages = {176--190},
 title = {Global solutions in a fully parabolic chemotaxis system with singular sensitivity},
 url = {https://doi.org/10.1002/mma.1346},
 volume = {34},
 year = {2011}
}
