@article{wolchover:16:at,
 author = {Wolchover, Natalie},
 journal = {The Best Writing on Mathematics 2015},
 pages = {99},
 publisher = {Princeton University Press},
 title = {At the Far Ends of a New Universal Law},
 volume = {15},
 year = {2016}
}
