@article{wolibner:33:theoreme,
 author = {Wolibner, W.},
 doi = {10.1007/BF01474610},
 fjournal = {Mathematische Zeitschrift},
 issn = {0025-5874},
 journal = {Math. Z.},
 mrclass = {DML},
 mrnumber = {1545430},
 number = {1},
 pages = {698--726},
 title = {Un theor\`eme sur l'existence du mouvement plan d'un
fluide parfait, homog\`ene, incompressible, pendant un
temps infiniment long},
 url = {https://doi.org/10.1007/BF01474610},
 volume = {37},
 year = {1933}
}
