@book{wong:01:asymptotic,
  author        = {Wong, R.},
  doi           = {10.1137/1.9780898719260},
  isbn          = {0-89871-497-4},
  mrclass       = {41A60 (44A15 46F10)},
  mrnumber      = {1851050},
  note          = {Corrected reprint of the 1989 original},
  pages         = {xviii+543},
  publisher     = {Society for Industrial and Applied Mathematics (SIAM), Philadelphia, PA},
  series        = {Classics in Applied Mathematics},
  title         = {Asymptotic approximations of integrals},
  url           = {https://doi.org/10.1137/1.9780898719260},
  volume        = {34},
  year          = {2001}
}
