@article{wong.zhao:02:exponential,
 author = {Wong, R. and Zhao, Yu-Qiu},
 doi = {10.1007/s00365-001-0019-3},
 fjournal = {Constructive Approximation. An International Journal for
Approximations and Expansions},
 issn = {0176-4276},
 journal = {Constr. Approx.},
 mrclass = {41A60 (33E12)},
 mrnumber = {1906764},
 number = {3},
 pages = {355--385},
 title = {Exponential asymptotics of the {M}ittag-{L}effler
function},
 url = {https://doi.org/10.1007/s00365-001-0019-3},
 volume = {18},
 year = {2002}
}
