@article{wong.zakai:65:on,
  author        = {Wong, Eugene and Zakai, Moshe},
  doi           = {10.1214/aoms/1177699916},
  fjournal      = {Annals of Mathematical Statistics},
  issn          = {0003-4851},
  journal       = {Ann. Math. Statist.},
  mrclass       = {60.75},
  mrnumber      = {195142},
  mrreviewer    = {T. Watanabe},
  pages         = {1560--1564},
  title         = {On the convergence of ordinary integrals to stochastic integrals},
  url           = {https://doi.org/10.1214/aoms/1177699916},
  volume        = {36},
  year          = {1965}
}
