@article{wright:40:asymptotic,
 author = {Wright, E. M.},
 doi = {10.1098/rsta.1940.0002},
 fjournal = {Philosophical Transactions of the Royal Society of London. Series A. Mathematical and Physical Sciences},
 issn = {0080-4614},
 journal = {Philos. Trans. Roy. Soc. London Ser. A},
 mrclass = {30.0X},
 mrnumber = {0001296},
 mrreviewer = {G. Valiron},
 pages = {423--451},
 title = {The asymptotic expansion of integral functions defined by {T}aylor series},
 url = {https://doi.org/10.1098/rsta.1940.0002},
 volume = {238},
 year = {1940}
}
