@article{wright:40:generalized,
  author        = {Wright, E. M.},
  doi           = {10.1093/qmath/os-11.1.36},
  fjournal      = {The Quarterly Journal of Mathematics. Oxford Series},
  issn          = {0033-5606},
  journal       = {Quart. J. Math. Oxford Ser.},
  mrclass       = {33.0X},
  mrnumber      = {3875},
  mrreviewer    = {M. C. Gray},
  pages         = {36--48},
  title         = {The generalized {B}essel function of order greater than one},
  url           = {https://doi.org/10.1093/qmath/os-11.1.36},
  volume        = {11},
  year          = {1940}
}
