@article{wrzosek:04:global,
 author = {Wrzosek, Dariusz},
 doi = {10.1016/j.na.2004.08.015},
 fjournal = {Nonlinear Analysis. Theory, Methods \& Applications. An International Multidisciplinary Journal},
 issn = {0362-546X},
 journal = {Nonlinear Anal.},
 mrclass = {35K50 (35B41 37L30 92C17)},
 mrnumber = {2101646},
 number = {8},
 pages = {1293--1310},
 title = {Global attractor for a chemotaxis model with prevention of overcrowding},
 url = {https://doi.org/10.1016/j.na.2004.08.015},
 volume = {59},
 year = {2004}
}
