@article{wu.xiao:95:some,
  author        = {Wu, Jun and Xiao, Yi Min},
  fjournal      = {Chinese Annals of Mathematics. Series B},
  issn          = {0252-9599,1860-6261},
  journal       = {Chinese Ann. Math. Ser. B},
  mrclass       = {60G17 (60J65)},
  mrnumber      = {1342142},
  mrreviewer    = {S.\ J.\ Taylor},
  note          = {A Chinese summary appears in Chinese Ann. Math. Ser. A {\bf 16} (1995), no. 2, 260},
  number        = {2},
  pages         = {191--202},
  title         = {Some geometric properties of {B}rownian motion on {S}ierpi\'{n}ski gasket},
  volume        = {16},
  year          = {1995}
}
