@article{wu.xiao:09:continuity,
 author = {Wu, Dongsheng and Xiao, Yimin},
 doi = {10.1016/j.spa.2008.09.001},
 fjournal = {Stochastic Processes and their Applications},
 issn = {0304-4149,1879-209X},
 journal = {Stochastic Process. Appl.},
 mrclass = {60J55 (60G15 60G17 60G60)},
 mrnumber = {2519346},
 mrreviewer = {Marco\ Dozzi},
 number = {6},
 pages = {1823--1844},
 title = {Continuity in the {H}urst index of the local times of anisotropic {G}aussian random fields},
 url = {https://doi.org/10.1016/j.spa.2008.09.001},
 volume = {119},
 year = {2009}
}
