@article{wu:17:new,
 author = {Wu, Qiong},
 doi = {10.1080/23311835.2017.1279781},
 fjournal = {Cogent Mathematics},
 issn = {2331-1835},
 journal = {Cogent Math.},
 mrclass = {26D15 (26A33 34A08 34F05 60G22 60H10)},
 mrnumber = {3772221},
 pages = {Art. ID 1279781, 13},
 title = {A new type of the {G}ronwall-{B}ellman inequality and its
application to fractional stochastic differential
equations},
 url = {https://doi.org/10.1080/23311835.2017.1279781},
 volume = {4},
 year = {2017}
}
