@article{xiang.zhang:05:small,
  author        = {Xiang, Kai-Nan and Zhang, Tu-Sheng},
  doi           = {10.1142/S0219025705002177},
  fjournal      = {Infinite Dimensional Analysis, Quantum Probability and Related Topics},
  issn          = {0219-0257},
  journal       = {Infin. Dimens. Anal. Quantum Probab. Relat. Top.},
  mrclass       = {60F10 (60G57 60J60)},
  mrnumber      = {2184086},
  mrreviewer    = {Wolfgang K\"{o}nig},
  number        = {4},
  pages         = {605--630},
  title         = {Small time asymptotics for {F}leming-{V}iot processes},
  url           = {https://doi.org/10.1142/S0219025705002177},
  volume        = {8},
  year          = {2005}
}
