@article{xiang:15:boundedness,
 author = {Xiang, Tian},
 doi = {10.1016/j.jde.2015.01.032},
 fjournal = {Journal of Differential Equations},
 issn = {0022-0396},
 journal = {J. Differential Equations},
 mrclass = {35K51 (35A01 35B44 35K59 92C17)},
 mrnumber = {3327554},
 mrreviewer = {Daniela Giachetti},
 number = {12},
 pages = {4275--4323},
 title = {Boundedness and global existence in the higher-dimensional parabolic-parabolic chemotaxis system with/without growth source},
 url = {https://doi.org/10.1016/j.jde.2015.01.032},
 volume = {258},
 year = {2015}
}
