@incollection{xiao:13:recent,
  author        = {Xiao, Yimin},
  booktitle     = {Further developments in fractals and related fields},
  doi           = {10.1007/978-0-8176-8400-6\_13},
  isbn          = {978-0-8176-8399-3; 978-0-8176-8400-6},
  mrclass       = {60G60 (60-02 60G15 60G17)},
  mrnumber      = {3184196},
  mrreviewer    = {Anatoliy\ Malyarenko},
  pages         = {255--288},
  publisher     = {Birkh\"{a}user/Springer, New York},
  series        = {Trends Math.},
  title         = {Recent developments on fractal properties of {G}aussian random fields},
  url           = {https://doi.org/10.1007/978-0-8176-8400-6\_13},
  year          = {2013}
}
