@article{xiao:88:random,
  author        = {Xiao, Yi Min},
  fjournal      = {Journal of Mathematics. Shuxue Zazhi},
  issn          = {0255-7797},
  journal       = {J. Math. (Wuhan)},
  mrclass       = {30B20 (30D60)},
  mrnumber      = {963379},
  mrreviewer    = {Ai\ Hua\ Fan},
  number        = {1},
  pages         = {61--66},
  title         = {Random power series and {$\alpha$}-{B}loch functions},
  volume        = {8},
  year          = {1988}
}
