@article{xiao.lin:94:dimension,
 author = {Xiao, Yimin and Lin, Huonan},
 doi = {10.1007/BF02560719},
 fjournal = {Acta Mathematica Sinica. New Series},
 issn = {1000-9574},
 journal = {Acta Math. Sinica (N.S.)},
 mrclass = {60G18 (60G17)},
 mrnumber = {1415699},
 mrreviewer = {Makoto\ Maejima},
 note = {A Chinese summary appears in Acta Math. Sinica {\bf 38}
(1995), no. 4, 576},
 number = {3},
 pages = {289--300},
 title = {Dimension properties of sample paths of self-similar
processes},
 url = {https://doi.org/10.1007/BF02560719},
 volume = {10},
 year = {1994}
}
