@article{xiao.liu:96:packing,
 author = {Xiao, Yimin and Liu, Luqin},
 fjournal = {Chinese Journal of Contemporary Mathematics},
 issn = {0898-5111,1941-1146},
 journal = {Chinese J. Contemp. Math.},
 mrclass = {60J30 (60G18)},
 mrnumber = {1432501},
 number = {3},
 pages = {201--209},
 title = {Packing dimension results for certain {L}evy processes and
self-similar {M}arkov processes},
 volume = {17},
 year = {1996}
}
