@article{xiao:96:hausdorff,
 author = {Xiao, Yimin},
 fjournal = {Osaka Journal of Mathematics},
 issn = {0030-6126},
 journal = {Osaka J. Math.},
 mrclass = {60G15 (60G18)},
 mrnumber = {1435460},
 mrreviewer = {Robert\ J.\ Adler},
 number = {4},
 pages = {895--913},
 title = {Hausdorff measure of the sample paths of {G}aussian random fields},
 url = {http://projecteuclid.org/euclid.ojm/1200787223},
 volume = {33},
 year = {1996}
}
