@article{xiao:98:hausdorff-type,
  author        = {Xiao, Yimin},
  doi           = {10.1016/S0304-4149(97)00119-1},
  fjournal      = {Stochastic Processes and their Applications},
  issn          = {0304-4149,1879-209X},
  journal       = {Stochastic Process. Appl.},
  mrclass       = {60G15 (28A78 28A80 60G17 60G18)},
  mrnumber      = {1624404},
  mrreviewer    = {Robert\ J.\ Adler},
  number        = {2},
  pages         = {251--272},
  title         = {Hausdorff-type measures of the sample paths of fractional {B}rownian motion},
  url           = {https://doi.org/10.1016/S0304-4149(97)00119-1},
  volume        = {74},
  year          = {1998}
}
