@article{xiao:91:polarity,
  author        = {Xiao, Yi Min},
  fjournal      = {Journal of Mathematics. Shuxue Zazhi},
  issn          = {0255-7797},
  journal       = {J. Math. (Wuhan)},
  mrclass       = {60G15 (60G60)},
  mrnumber      = {1139679},
  number        = {1},
  pages         = {101--108},
  title         = {Polarity and inverse images of some {G}aussian fields},
  volume        = {11},
  year          = {1991}
}
