@article{xiao:90:hausdorff,
 author = {Xiao, Yi Min},
 fjournal = {Journal of Wuhan University. Natural Science Edition.
Wuhan Daxue Xuebao. Lixue Ban},
 issn = {1671-8836},
 journal = {J. Wuhan Univ. Natur. Sci. Ed.},
 mrclass = {60G60 (60G15 60G17)},
 mrnumber = {1105897},
 number = {4},
 pages = {15--24},
 title = {The {H}ausdorff dimensions of the image, graph, and level
sets of a {G}aussian random field},
 year = {1990}
}
