@article{xiao:99:hitting,
 author = {Xiao, Yimin},
 doi = {10.1080/17442509908834189},
 fjournal = {Stochastics and Stochastics Reports},
 issn = {1045-1129},
 journal = {Stochastics Stochastics Rep.},
 mrclass = {60G15 (60G17)},
 mrnumber = {1687811},
 number = {1-2},
 pages = {121--151},
 title = {Hitting probabilities and polar sets for fractional {B}rownian motion},
 url = {https://doi.org/10.1080/17442509908834189},
 volume = {66},
 year = {1999}
}
