@article{xiao:97:packing,
  author        = {Xiao, Yimin},
  doi           = {10.1016/S0167-7152(96)00151-4},
  fjournal      = {Statistics \& Probability Letters},
  issn          = {0167-7152,1879-2103},
  journal       = {Statist. Probab. Lett.},
  mrclass       = {60G15 (60G17)},
  mrnumber      = {1458008},
  number        = {4},
  pages         = {379--387},
  title         = {Packing dimension of the image of fractional {B}rownian motion},
  url           = {https://doi.org/10.1016/S0167-7152(96)00151-4},
  volume        = {33},
  year          = {1997}
}
