@article{xiao:92:some,
  author        = {Xiao, Yi Min},
  fjournal      = {Journal of Mathematics. Shuxue Zazhi},
  issn          = {0255-7797},
  journal       = {J. Math. (Wuhan)},
  mrclass       = {60J65},
  mrnumber      = {1204570},
  number        = {1},
  pages         = {11--19},
  title         = {Some properties of the algebraic sum of fractional {B}rownian motions},
  volume        = {12},
  year          = {1992}
}
