@article{xiao:92:polar,
 author = {Xiao, Yi Min},
 fjournal = {Chinese Quarterly Journal of Mathematics. Shuxue Jikan},
 issn = {1002-0462},
 journal = {Chinese Quart. J. Math.},
 mrclass = {60J45 (60J65)},
 mrnumber = {1166672},
 number = {1},
 pages = {76--80},
 title = {Polar functions for fractional {B}rownian motion},
 volume = {7},
 year = {1992}
}
