@article{xiao:91:fractional,
  author        = {Xiao, Yi Min},
  fjournal      = {Journal of Mathematics. Shuxue Zazhi},
  issn          = {0255-7797},
  journal       = {J. Math. (Wuhan)},
  mrclass       = {60J65 (28A78)},
  mrnumber      = {1139925},
  number        = {2},
  pages         = {233--236},
  title         = {Fractional {B}rownian motion and {H}ausdorff dimension},
  volume        = {11},
  year          = {1991}
}
