@article{xiao:06:properties,
 author = {Xiao, Yimin},
 fjournal = {Annales de la Facult\'{e} des Sciences de Toulouse.
Math\'{e}matiques. S\'{e}rie 6},
 issn = {0240-2963,2258-7519},
 journal = {Ann. Fac. Sci. Toulouse Math. (6)},
 mrclass = {60G60 (60G17)},
 mrnumber = {2225751},
 mrreviewer = {Randall\ James\ Swift},
 number = {1},
 pages = {157--193},
 title = {Properties of local-nondeterminism of {G}aussian and
stable random fields and their applications},
 url = {http://afst.cedram.org/item?id=AFST_2006_6_15_1_157_0},
 volume = {15},
 year = {2006}
}
