@article{xiao:96:packing,
  author        = {Xiao, Yimin},
  doi           = {10.1017/S030500410007506X},
  fjournal      = {Mathematical Proceedings of the Cambridge Philosophical Society},
  issn          = {0305-0041,1469-8064},
  journal       = {Math. Proc. Cambridge Philos. Soc.},
  mrclass       = {28A78 (28A80)},
  mrnumber      = {1388205},
  mrreviewer    = {Claude\ Tricot},
  number        = {3},
  pages         = {535--546},
  title         = {Packing dimension, {H}ausdorff dimension and {C}artesian product sets},
  url           = {https://doi.org/10.1017/S030500410007506X},
  volume        = {120},
  year          = {1996}
}
