@article{xiao:97:hausdorff,
 author = {Xiao, Yimin},
 doi = {10.1017/S0305004197001783},
 fjournal = {Mathematical Proceedings of the Cambridge Philosophical Society},
 issn = {0305-0041,1469-8064},
 journal = {Math. Proc. Cambridge Philos. Soc.},
 mrclass = {60J65},
 mrnumber = {1466658},
 mrreviewer = {Andr\'{e}\ Goldman},
 number = {3},
 pages = {565--576},
 title = {Hausdorff measure of the graph of fractional {B}rownian motion},
 url = {https://doi.org/10.1017/S0305004197001783},
 volume = {122},
 year = {1997}
}
