@article{xie.yang:22:smoluchowski-kramers,
  author        = {Xie, Longjie and Yang, Li},
  doi           = {10.1016/j.spa.2022.04.016},
  fjournal      = {Stochastic Processes and their Applications},
  issn          = {0304-4149},
  journal       = {Stochastic Process. Appl.},
  mrclass       = {60H10 (60F25 60J60)},
  mrnumber      = {4419570},
  pages         = {91--115},
  title         = {The {S}moluchowski-{K}ramers limits of stochastic differential equations with irregular coefficients},
  url           = {https://doi.org/10.1016/j.spa.2022.04.016},
  volume        = {150},
  year          = {2022}
}
