@article{xie:18:intermittency,
  author        = {Xie, Bin},
  doi           = {10.1016/j.jde.2017.09.028},
  fjournal      = {Journal of Differential Equations},
  issn          = {0022-0396,1090-2732},
  journal       = {J. Differential Equations},
  mrclass       = {60H15 (35R60 60K37)},
  mrnumber      = {3720837},
  mrreviewer    = {Le\ Chen},
  number        = {2},
  pages         = {1050--1079},
  title         = {Intermittency for stochastic partial differential equations driven by strongly inhomogeneous space-time white noises},
  url           = {https://doi.org/10.1016/j.jde.2017.09.028},
  volume        = {264},
  year          = {2018}
}
