@article{xin:98:blowup,
 author = {Xin, Zhouping},
 doi = {10.1002/(SICI)1097-0312(199803)51:3<229::AID-CPA1>3.3.CO;2-K},
 fjournal = {Communications on Pure and Applied Mathematics},
 issn = {0010-3640},
 journal = {Comm. Pure Appl. Math.},
 mrclass = {35Q30 (35B40 76N10)},
 mrnumber = {1488513},
 mrreviewer = {Emmanuel Grenier},
 number = {3},
 pages = {229--240},
 title = {Blowup of smooth solutions to the compressible {N}avier-{S}tokes equation with compact density},
 url = {https://doi.org/10.1002/(SICI)1097-0312(199803)51:3<229::AID-CPA1>3.3.CO;2-K},
 volume = {51},
 year = {1998}
}
