@article{xu.zhang:09:large,
 author = {Xu, Tiange and Zhang, Tusheng},
 doi = {10.1016/j.jfa.2009.05.007},
 fjournal = {Journal of Functional Analysis},
 issn = {0022-1236},
 journal = {J. Funct. Anal.},
 mrclass = {60F10 (35Q30 35R60 60G51 76M35)},
 mrnumber = {2541279},
 number = {5},
 pages = {1519--1545},
 title = {Large deviation principles for 2-{D} stochastic
{N}avier-{S}tokes equations driven by {L}\'{e}vy processes},
 url = {https://doi.org/10.1016/j.jfa.2009.05.007},
 volume = {257},
 year = {2009}
}
