@book{xu:93:diffusive,
 author = {Xu, Lin},
 mrclass = {Thesis},
 mrnumber = {2690363},
 note = {Thesis (Ph.D.)--New York University},
 pages = {60},
 publisher = {ProQuest LLC, Ann Arbor, MI},
 title = {Diffusive scaling limit for mean zero asymmetric simple exclusion processes},
 url = {http://gateway.proquest.com/openurl?url_ver=Z39.88-2004&rft_val_fmt=info:ofi/fmt:kev:mtx:dissertation&res_dat=xri:pqdiss&rft_dat=xri:pqdiss:9411154},
 year = {1993}
}
