@article{yan.kessler.ea:90:roughening,
 author = {Yan, Hong and Kessler, David and Sander, L. M.},
 doi = {10.1103/PhysRevLett.64.926},
 issue = {8},
 journal = {Phys. Rev. Lett.},
 month = {Feb},
 numpages = {0},
 pages = {926--929},
 publisher = {American Physical Society},
 title = {Roughening phase transition in surface growth},
 url = {https://link.aps.org/doi/10.1103/PhysRevLett.64.926},
 volume = {64},
 year = {1990}
}
