@article{yang.zhai.ea:15:large,
 author = {Yang, Xue and Zhai, Jianliang and Zhang, Tusheng},
 doi = {10.1142/S0219493715500264},
 fjournal = {Stochastics and Dynamics},
 issn = {0219-4937},
 journal = {Stoch. Dyn.},
 mrclass = {60H15 (35R60 37L55 60F10)},
 mrnumber = {3411897},
 mrreviewer = {Meihua Yang},
 number = {4},
 pages = {1550026, 30},
 title = {Large deviations for {SPDE}s of jump type},
 url = {https://doi.org/10.1142/S0219493715500264},
 volume = {15},
 year = {2015}
}
