@article{yang.zhai:16:spdes*1,
 author = {Yang, Juan and Zhai, Jianliang},
 doi = {10.1016/j.jmaa.2016.02.038},
 fjournal = {Journal of Mathematical Analysis and Applications},
 issn = {0022-247X,1096-0813},
 journal = {J. Math. Anal. Appl.},
 mrclass = {35R60 (35A01 35A02 60H15)},
 mrnumber = {3466075},
 mrreviewer = {Le\ Chen},
 number = {2},
 pages = {991--1009},
 title = {S{PDE}s with two reflecting walls and two singular drifts},
 url = {https://doi.org/10.1016/j.jmaa.2016.02.038},
 volume = {438},
 year = {2016}
}
