@article{yang.zhang:14:existence,
 author = {Yang, Juan and Zhang, Tusheng},
 doi = {10.1007/s10959-012-0448-x},
 fjournal = {Journal of Theoretical Probability},
 issn = {0894-9840},
 journal = {J. Theoret. Probab.},
 mrclass = {60H15 (35R60 60G10 60J25 60J35)},
 mrnumber = {3245987},
 mrreviewer = {Vivek S. Borkar},
 number = {3},
 pages = {863--877},
 title = {Existence and uniqueness of invariant measures for {SPDE}s with two reflecting walls},
 url = {https://doi.org/10.1007/s10959-012-0448-x},
 volume = {27},
 year = {2014}
}
