@article{yang.zhang.ea:20:reflected,
  author        = {Yang, Xue and Zhang, Qi and Zhang, Tusheng},
  doi           = {10.1016/j.spa.2020.05.002},
  fjournal      = {Stochastic Processes and their Applications},
  issn          = {0304-4149},
  journal       = {Stochastic Process. Appl.},
  mrclass       = {60H15 (60G46 60H10)},
  mrnumber      = {4140026},
  mrreviewer    = {Dominic Breit},
  number        = {10},
  pages         = {6038--6063},
  title         = {Reflected backward stochastic partial differential equations in a convex domain},
  url           = {https://doi.org/10.1016/j.spa.2020.05.002},
  volume        = {130},
  year          = {2020}
}
