@article{yastrzhembskiy:21:wong-zakai,
  author        = {Yastrzhembskiy, Timur},
  doi           = {10.1007/s40072-020-00168-5},
  fjournal      = {Stochastic Partial Differential Equations. Analysis and Computations},
  issn          = {2194-0401,2194-041X},
  journal       = {Stoch. Partial Differ. Equ. Anal. Comput.},
  mrclass       = {35R60 (60H15)},
  mrnumber      = {4218788},
  mrreviewer    = {Le\ Chen},
  number        = {1},
  pages         = {71--104},
  title         = {Wong-{Z}akai approximation and support theorem for semilinear stochastic partial differential equations with finite dimensional noise in the whole space},
  url           = {https://doi.org/10.1007/s40072-020-00168-5},
  volume        = {9},
  year          = {2021}
}
