@article{ye.fishkind.ea:11:sensor,
 author = {Ye, X. and Fishkind, D.E. and Priebe, C.E.},
 journal = {Journal of the Operational Research Society},
 pages = {142--151},
 title = {Sensor information monotonicity in disambiguation
protocols},
 volume = {62},
 year = {2011}
}
