@article{ye.gao.ea:07:generalized,
  author        = {Ye, Haiping and Gao, Jianming and Ding, Yongsheng},
  doi           = {10.1016/j.jmaa.2006.05.061},
  fjournal      = {Journal of Mathematical Analysis and Applications},
  issn          = {0022-247X},
  journal       = {J. Math. Anal. Appl.},
  mrclass       = {26D15 (26A33 34A12)},
  mrnumber      = {2290034},
  number        = {2},
  pages         = {1075--1081},
  title         = {A generalized {G}ronwall inequality and its application to a fractional differential equation},
  url           = {https://doi.org/10.1016/j.jmaa.2006.05.061},
  volume        = {328},
  year          = {2007}
}
