@article{yilmaz.zeitouni:10:differing,
 author = {Yilmaz, Atilla and Zeitouni, Ofer},
 doi = {10.1007/s00220-010-1119-3},
 fjournal = {Communications in Mathematical Physics},
 issn = {0010-3616,1432-0916},
 journal = {Comm. Math. Phys.},
 mrclass = {60F10 (60K37 82B41 82B44)},
 mrnumber = {2725188},
 mrreviewer = {Jean-Baptiste\ Bardet},
 number = {1},
 pages = {243--271},
 title = {Differing averaged and quenched large deviations for
random walks in random environments in dimensions two and
three},
 url = {https://doi.org/10.1007/s00220-010-1119-3},
 volume = {300},
 year = {2010}
}
