@article{yoder:75:hausdorff,
  author        = {Yoder, Lane},
  doi           = {10.1214/aop/1176996458},
  fjournal      = {The Annals of Probability},
  issn          = {0091-1798},
  journal       = {Ann. Probability},
  mrclass       = {60J65 (60G17)},
  mrnumber      = {359033},
  mrreviewer    = {S. J. Taylor},
  pages         = {169--171},
  title         = {The {H}ausdorff dimensions of the graph and range of {$N$}-parameter {B}rownian motion in {$d$}-space},
  url           = {https://doi.org/10.1214/aop/1176996458},
  volume        = {3},
  year          = {1975}
}
