@article{yor.zambotti:04:remark,
  author        = {Yor, M. and Zambotti, L.},
  doi           = {10.1016/j.spl.2004.04.001},
  fjournal      = {Statistics \& Probability Letters},
  issn          = {0167-7152,1879-2103},
  journal       = {Statist. Probab. Lett.},
  mrclass       = {60J65},
  mrnumber      = {2083898},
  mrreviewer    = {I.\ Cuculescu},
  number        = {3},
  pages         = {297--304},
  title         = {A remark about the norm of a {B}rownian bridge},
  url           = {https://doi.org/10.1016/j.spl.2004.04.001},
  volume        = {68},
  year          = {2004}
}
