@article{yor:80:loi,
 author = {Yor, Marc},
 doi = {10.1007/BF00531612},
 fjournal = {Zeitschrift f\"{u}r Wahrscheinlichkeitstheorie und
Verwandte Gebiete},
 issn = {0044-3719},
 journal = {Z. Wahrsch. Verw. Gebiete},
 mrclass = {60J65},
 mrnumber = {576898},
 mrreviewer = {Michele Mastrangelo-Dehen},
 number = {1},
 pages = {71--95},
 title = {Loi de l'indice du lacet brownien, et distribution de
{H}artman-{W}atson},
 url = {https://doi.org/10.1007/BF00531612},
 volume = {53},
 year = {1980}
}
