@book{yosida:80:functional,
 author = {Yosida, K\^{o}saku},
 edition = {Sixth},
 isbn = {3-540-10210-8},
 mrclass = {46-01 (47-01)},
 mrnumber = {617913},
 pages = {xii+501},
 publisher = {Springer-Verlag, Berlin-New York},
 series = {Grundlehren der Mathematischen Wissenschaften [Fundamental
Principles of Mathematical Sciences]},
 title = {Functional analysis},
 volume = {123},
 year = {1980}
}
