@book{yosida:65:functional,
  author        = {Yosida, K\^{o}saku},
  mrclass       = {47.00 (46.00)},
  mrnumber      = {0180824},
  mrreviewer    = {Ivan Singer},
  pages         = {xi+458},
  publisher     = {Academic Press, Inc., New York; Springer-Verlag, Berlin},
  series        = {Die Grundlehren der mathematischen Wissenschaften, Band 123},
  title         = {Functional analysis},
  year          = {1965}
}
