@article{young:36:inequality,
  author        = {Young, L. C.},
  doi           = {10.1007/BF02401743},
  fjournal      = {Acta Mathematica},
  issn          = {0001-5962},
  journal       = {Acta Math.},
  mrclass       = {DML},
  mrnumber      = {1555421},
  number        = {1},
  pages         = {251--282},
  title         = {An inequality of the {H}\"{o}lder type, connected with {S}tieltjes integration},
  url           = {https://doi.org/10.1007/BF02401743},
  volume        = {67},
  year          = {1936}
}
