@article{yu.wang.ea:18:global,
  author        = {Yu, Hao and Wang, Wei and Zheng, Sining},
  doi           = {10.1016/j.jmaa.2017.12.048},
  fjournal      = {Journal of Mathematical Analysis and Applications},
  issn          = {0022-247X},
  journal       = {J. Math. Anal. Appl.},
  mrclass       = {35K51 (35A09 35B40 35K59)},
  mrnumber      = {3765513},
  number        = {2},
  pages         = {1748--1770},
  title         = {Global classical solutions to the {K}eller-{S}egel-{N}avier-{S}tokes system with matrix-valued sensitivity},
  url           = {https://doi.org/10.1016/j.jmaa.2017.12.048},
  volume        = {461},
  year          = {2018}
}
