@article{yu:96:on,
 author = {Yu, Gang},
 journal = {Operations Research},
 number = {2},
 pages = {407--415},
 publisher = {INFORMS},
 title = {On the max-min 0-1 knapsack problem with robust
optimization applications},
 volume = {44},
 year = {1996}
}
