@inproceedings{yuan:99:on,
 author = {Yuan, Xin},
 booktitle = {Proceedings Eight International Conference on Computer
Communications and Networks (Cat. No. 99EX370)},
 organization = {IEEE},
 pages = {304--310},
 title = {On the extended {Bellman-Ford} algorithm to solve
two-constrained quality of service routing problems},
 year = {1999}
}
