@article{yue.zhang:15:absolute,
 author = {Yue, Wen and Zhang, Tusheng},
 doi = {10.1007/s10959-013-0499-7},
 fjournal = {Journal of Theoretical Probability},
 issn = {0894-9840},
 journal = {J. Theoret. Probab.},
 mrclass = {60H07 (60H10 60J60)},
 mrnumber = {3370667},
 mrreviewer = {Yong Chen},
 number = {2},
 pages = {587--618},
 title = {Absolute continuity of the laws of perturbed diffusion processes and perturbed reflected diffusion processes},
 url = {https://doi.org/10.1007/s10959-013-0499-7},
 volume = {28},
 year = {2015}
}
