@article{yuskovych:23:on,
  author        = {Yuskovych, V. K.},
  fjournal      = {Theory of Stochastic Processes},
  issn          = {0321-3900},
  journal       = {Theory Stoch. Process.},
  mrclass       = {60H10},
  mrnumber      = {4671722},
  number        = {1},
  pages         = {53--66},
  title         = {On asymptotic behavior of solutions of stochastic differential equations in multidimensional space},
  volume        = {27},
  year          = {2023}
}
