@article{zabarankin:16:analytical,
  author        = {Zabarankin, Michael},
  doi           = {10.1137/15M1048471},
  fjournal      = {SIAM Journal on Applied Mathematics},
  issn          = {0036-1399},
  journal       = {SIAM J. Appl. Math.},
  mrclass       = {76D07 (33E10 76D45 76W05)},
  mrnumber      = {3537893},
  mrreviewer    = {Giovanni Franco Crosta},
  number        = {4},
  pages         = {1606--1632},
  title         = {Analytical solution for spheroidal drop under axisymmetric linearized boundary conditions},
  url           = {https://doi.org/10.1137/15M1048471},
  volume        = {76},
  year          = {2016}
}
