@incollection{zabczyk:87:exit,
 author = {Zabczyk, J.},
 booktitle = {Stochastic partial differential equations and applications ({T}rento, 1985)},
 doi = {10.1007/BFb0072894},
 mrclass = {60H15 (58F25 58G32 60H10 93C25 93E20)},
 mrnumber = {899307},
 mrreviewer = {I. Gy\"{o}ngy},
 pages = {239--257},
 publisher = {Springer, Berlin},
 series = {Lecture Notes in Math.},
 title = {Exit problem for infinite-dimensional systems},
 url = {https://doi.org/10.1007/BFb0072894},
 volume = {1236},
 year = {1987}
}
