@article{zabczyk:73:remarks,
  author        = {Zabczyk, J.},
  fjournal      = {Bulletin de l'Acad\'{e}mie Polonaise des Sciences. S\'{e}rie des Sciences Math\'{e}matiques, Astronomiques et Physiques},
  issn          = {0001-4117},
  journal       = {Bull. Acad. Polon. Sci. S\'{e}r. Sci. Math. Astronom. Phys.},
  mrclass       = {60H99},
  mrnumber      = {321182},
  mrreviewer    = {M.\ Cs\"{o}rg\H{o}},
  pages         = {263--269},
  title         = {Remarks on stochastic derivation},
  volume        = {21},
  year          = {1973}
}
