@incollection{zabczyk:83:stopping,
  author        = {Zabczyk, J.},
  booktitle     = {Control of distributed parameter systems, 1982 ({T}oulouse, 1982)},
  isbn          = {0-08-029361-1},
  mrclass       = {90D15 (49A60 60J45)},
  mrnumber      = {811257},
  pages         = {413--417},
  publisher     = {IFAC, Laxenburg},
  title         = {Stopping games and {D}irichlet spaces},
  year          = {1983}
}
