@article{zabczyk:81:controllability,
  author        = {Zabczyk, Jerzy},
  doi           = {10.1016/S0167-6911(81)80008-4},
  fjournal      = {Systems \& Control Letters},
  issn          = {0167-6911,1872-7956},
  journal       = {Systems Control Lett.},
  mrclass       = {93E99},
  mrnumber      = {667324},
  number        = {1},
  pages         = {25--31},
  title         = {Controllability of stochastic linear systems},
  url           = {https://doi.org/10.1016/S0167-6911(81)80008-4},
  volume        = {1},
  year          = {1981/82}
}
