@incollection{zabczyk:75:note,
 author = {Zabczyk, J.},
 booktitle = {Probability---{W}inter {S}chool ({P}roc. {F}ourth {W}inter
{S}chool, {K}arpacz, 1975)},
 mrclass = {60J30},
 mrnumber = {394895},
 mrreviewer = {Jacques\ Az\'{e}ma},
 pages = {277--283},
 publisher = {Springer, Berlin-New York},
 series = {Lecture Notes in Math.},
 title = {A note on semipolar sets for processes with independent
increments},
 volume = {Vol. 472},
 year = {1975}
}
