@article{zabczyk:07:vita,
  author        = {Zabczyk, Jerzy},
  fjournal      = {Control and Cybernetics},
  issn          = {0324-8569},
  journal       = {Control Cybernet.},
  mrclass       = {01A70},
  mrnumber      = {2376061},
  number        = {3},
  pages         = {873--884},
  title         = {Vita: {P}rofessor {S}tefan {R}olewicz},
  volume        = {36},
  year          = {2007}
}
