@article{zabczyk:72:on,
 author = {Zabczyk, J.},
 doi = {10.4064/cm-25-2-315-318},
 fjournal = {Colloquium Mathematicum},
 issn = {0010-1354,1730-6302},
 journal = {Colloq. Math.},
 mrclass = {45A05},
 mrnumber = {326321},
 mrreviewer = {M.\ Rossler},
 pages = {315--318},
 title = {On some integral equation},
 url = {https://doi.org/10.4064/cm-25-2-315-318},
 volume = {25},
 year = {1972}
}
