@article{zabczyk:77:stability,
 author = {Zabczyk, Jerzy},
 fjournal = {Kybernetika},
 issn = {0023-5954,1805-949X},
 journal = {Kybernetika (Prague)},
 mrclass = {93D99},
 mrnumber = {453080},
 mrreviewer = {K.\ B.\ Datta},
 number = {1},
 pages = {1--10},
 title = {Stability properties of the discrete {R}iccati operator
equation},
 volume = {13},
 year = {1977}
}
