@incollection{zabczyk:99:parabolic,
  author        = {Zabczyk, J.},
  booktitle     = {Stochastic {PDE}'s and {K}olmogorov equations in infinite dimensions ({C}etraro, 1998)},
  doi           = {10.1007/BFb0092419},
  mrclass       = {35R15 (35R60 60H30 93E20)},
  mrnumber      = {1731796},
  mrreviewer    = {Andrzej Swiech},
  pages         = {117--213},
  publisher     = {Springer, Berlin},
  series        = {Lecture Notes in Math.},
  title         = {Parabolic equations on {H}ilbert spaces},
  url           = {https://doi.org/10.1007/BFb0092419},
  volume        = {1715},
  year          = {1999}
}
