@article{zabczyk:74:remarks,
  author        = {Zabczyk, J.},
  fjournal      = {SIAM J. Control},
  journal       = {SIAM J. Control},
  mrclass       = {49A25 (93C55)},
  mrnumber      = {410506},
  mrreviewer    = {R.\ N. P. Singh},
  pages         = {721--735},
  title         = {Remarks on the control of discrete-time distributed parameter systems},
  volume        = {12},
  year          = {1974}
}
