@article{zabczyk:75:note*1,
 author = {Zabczyk, Jerzy},
 fjournal = {Kybernetika},
 issn = {0023-5954,1805-949X},
 journal = {Kybernetika (Prague)},
 mrclass = {34D05 (93E20)},
 mrnumber = {393693},
 mrreviewer = {Ruth\ Curtain},
 number = {3},
 pages = {218--222},
 title = {A note on the exponential stability of a matrix {R}iccati equation of stochastic control},
 volume = {11},
 year = {1975}
}
