@article{zabczyk:21:controllable*1,
 author = {Zabczyk, Jerzy},
 doi = {10.4064/ap200421-29-9},
 fjournal = {Annales Polonici Mathematici},
 issn = {0066-2216,1730-6272},
 journal = {Ann. Polon. Math.},
 mrclass = {93B05 (47N20 93C25)},
 mrnumber = {4358435},
 mrreviewer = {Alina\ Ilinca\ Lazu},
 number = {1-2},
 pages = {87--98},
 title = {Controllable systems with vanishing energy},
 url = {https://doi.org/10.4064/ap200421-29-9},
 volume = {127},
 year = {2021}
}
