@incollection{zabczyk:02:classical,
  author        = {Zabczyk, Jerzy},
  booktitle     = {Mathematical control theory, {P}art 1, 2 ({T}rieste, 2001)},
  mrclass       = {93-01 (49-01)},
  mrnumber      = {1972786},
  pages         = {1--57},
  publisher     = {Abdus Salam Int. Cent. Theoret. Phys., Trieste},
  series        = {ICTP Lect. Notes, VIII},
  title         = {Classical control theory},
  year          = {2002}
}
