@inproceedings{zabczyk:84:stopping,
 author = {Zabczyk, J.},
 booktitle = {Proceedings of the {I}nternational {C}ongress of {M}athematicians, {V}ol. 1, 2 ({W}arsaw, 1983)},
 isbn = {83-01-05523-5},
 mrclass = {60G40 (90C40 93E05)},
 mrnumber = {804789},
 mrreviewer = {P.\ Neumann},
 pages = {1425--1437},
 publisher = {PWN, Warsaw},
 title = {Stopping problems in stochastic control},
 year = {1984}
}
