@inproceedings{zabczyk:89:some*1,
  author        = {Zabczyk, Jerzy},
  booktitle     = {Proceedings of the 28th {IEEE} {C}onference on {D}ecision and {C}ontrol, {V}ol. 1--3 ({T}ampa, {FL}, 1989)},
  mrclass       = {93E03 (93C25)},
  mrnumber      = {1038935},
  mrreviewer    = {Akira Ichikawa},
  pages         = {229--231},
  publisher     = {IEEE, New York},
  title         = {Some interplays between control theory and stochastic systems},
  year          = {1989}
}
