@article{zabczyk:77:infinite-dimensional,
 author = {Zabczyk, Jerzy},
 fjournal = {Bulletin de l'Institut International de Statistique},
 journal = {Bull. Inst. Internat. Statist.},
 mrclass = {93C25 (93B05 93E20)},
 mrnumber = {617581},
 mrreviewer = {M.\ H. A. Davis},
 note = {With discussion},
 number = {2},
 pages = {286--310, 311--314},
 title = {Infinite-dimensional systems in control theory},
 volume = {47},
 year = {1977}
}
