@incollection{zabczyk:76:introduction,
 author = {Zabczyk, J.},
 booktitle = {Control theory and topics in functional analysis
({I}nternat. {S}em., {I}nternat. {C}entre {T}heoret.
{P}hys., {T}rieste, 1974), {V}ol. {I}},
 mrclass = {60-01 (60G35 93EXX)},
 mrnumber = {517120},
 pages = {418--462},
 publisher = {Internat. Atomic Energy Agency, Vienna},
 title = {An introduction to probability theory},
 year = {1976}
}
