@incollection{zabczyk:93:fractional,
 author = {Zabczyk, J.},
 booktitle = {Barcelona {S}eminar on {S}tochastic {A}nalysis ({S}t.
{F}eliu de {G}u\'{i}xols, 1991)},
 mrclass = {60H15},
 mrnumber = {1265052},
 mrreviewer = {Jan I. Seidler},
 pages = {222--234},
 publisher = {Birkh\"{a}user, Basel},
 series = {Progr. Probab.},
 title = {The fractional calculus and stochastic evolution
equations},
 volume = {32},
 year = {1993}
}
