@article{zabczyk:99:infinite-dimensional,
 author = {Zabczyk, J.},
 fjournal = {Jahresbericht der Deutschen Mathematiker-Vereinigung},
 issn = {0012-0456},
 journal = {Jahresber. Deutsch. Math.-Verein.},
 mrclass = {35R15 (35R60 60J60)},
 mrnumber = {1698550},
 mrreviewer = {Ya. \={I}. B\={i}lopol{\cprime}s{\cprime}ka},
 number = {2},
 pages = {47--59},
 title = {Infinite-dimensional diffusions in modelling and analysis},
 volume = {101},
 year = {1999}
}
