@incollection{zabczyk:85:structural,
  author        = {Zabczyk, J.},
  booktitle     = {Mathematical control theory},
  mrclass       = {93E15 (93C25)},
  mrnumber      = {851253},
  mrreviewer    = {Akira Ichikawa},
  pages         = {591--609},
  publisher     = {PWN, Warsaw},
  series        = {Banach Center Publ.},
  title         = {Structural properties and limit behaviour of linear stochastic systems in {H}ilbert spaces},
  volume        = {14},
  year          = {1985}
}
