@incollection{zabczyk:89:symmetric,
  author        = {Zabczyk, J.},
  booktitle     = {Stochastic partial differential equations and applications, {II} ({T}rento, 1988)},
  doi           = {10.1007/BFb0083952},
  mrclass       = {60H10 (60F10 60H15 60J25)},
  mrnumber      = {1019609},
  mrreviewer    = {Wlodzimierz Smolenski},
  pages         = {237--256},
  publisher     = {Springer, Berlin},
  series        = {Lecture Notes in Math.},
  title         = {Symmetric solutions of semilinear stochastic equations},
  url           = {https://doi.org/10.1007/BFb0083952},
  volume        = {1390},
  year          = {1989}
}
