@incollection{zabczyk:79:stabilization,
 author = {Zabczyk, J.},
 booktitle = {International {S}ymposium on {S}ystems {O}ptimization and {A}nalysis ({R}ocquencourt, 1978)},
 isbn = {3-540-09447-4},
 mrclass = {93D99 (93B05)},
 mrnumber = {557355},
 pages = {321--332},
 publisher = {Springer, Berlin-New York},
 series = {Lect. Notes Control Inf. Sci.},
 title = {Stabilization of boundary control systems},
 volume = {14},
 year = {1979}
}
