@book{zambotti:17:random,
 author = {Zambotti, Lorenzo},
 doi = {10.1007/978-3-319-52096-4},
 isbn = {978-3-319-52095-7; 978-3-319-52096-4},
 mrclass = {60H15 (35K86 35R35 35R60 60J55)},
 mrnumber = {3616274},
 mrreviewer = {Sergey\ V.\ Lototsky},
 note = {Lecture notes from the 45th Probability Summer School held in Saint-Flour, 2015},
 pages = {ix+162},
 publisher = {Springer, Cham},
 series = {Lecture Notes in Mathematics},
 title = {Random obstacle problems},
 url = {https://doi.org/10.1007/978-3-319-52096-4},
 volume = {2181},
 year = {2017}
}
