@article{zambotti:04:occupation,
  author        = {Zambotti, Lorenzo},
  doi           = {10.1214/aop/1078415833},
  fjournal      = {The Annals of Probability},
  issn          = {0091-1798,2168-894X},
  journal       = {Ann. Probab.},
  mrclass       = {60H15 (60J55)},
  mrnumber      = {2040780},
  mrreviewer    = {Catherine\ Donati-Martin},
  number        = {1A},
  pages         = {191--215},
  title         = {Occupation densities for {SPDE}s with reflection},
  url           = {https://doi.org/10.1214/aop/1078415833},
  volume        = {32},
  year          = {2004}
}
