@article{zambotti:03:integration,
  author        = {Zambotti, Lorenzo},
  doi           = {10.1214/aop/1046294313},
  fjournal      = {The Annals of Probability},
  issn          = {0091-1798},
  journal       = {Ann. Probab.},
  mrclass       = {60H15 (31C25 35R60 37L40 60H07)},
  mrnumber      = {1959795},
  mrreviewer    = {Jan I. Seidler},
  number        = {1},
  pages         = {323--348},
  title         = {Integration by parts on {$\delta$}-{B}essel bridges, {\$\delta>3\$} and related {SPDE}s},
  url           = {https://doi.org/10.1214/aop/1046294313},
  volume        = {31},
  year          = {2003}
}
