@article{zambotti:05:integration,
 author = {Zambotti, Lorenzo},
 doi = {10.1016/j.jfa.2004.08.001},
 fjournal = {Journal of Functional Analysis},
 issn = {0022-1236,1096-0783},
 journal = {J. Funct. Anal.},
 mrclass = {60H07 (60J65)},
 mrnumber = {2139884},
 mrreviewer = {Hac\`ene\ Boutabia},
 number = {1},
 pages = {147--178},
 title = {Integration by parts on the law of the reflecting {B}rownian motion},
 url = {https://doi.org/10.1016/j.jfa.2004.08.001},
 volume = {223},
 year = {2005}
}
