@article{zanon.derrida:88:weak,
 author = {Zanon, N. and Derrida, B.},
 doi = {10.1007/BF01026489},
 fjournal = {Journal of Statistical Physics},
 issn = {0022-4715,1572-9613},
 journal = {J. Statist. Phys.},
 mrclass = {82A42 (60K99)},
 mrnumber = {939499},
 mrreviewer = {W.\ Th.\ F.\ den Hollander},
 number = {3-4},
 pages = {509--528},
 title = {Weak disorder expansion of {L}iapunov exponents in a
degenerate case},
 url = {https://doi.org/10.1007/BF01026489},
 volume = {50},
 year = {1988}
}
