@article{zaporozhets.kabluchko:12:random,
 author = {Zaporozhets, D. N. and Kabluchko, Z.},
 doi = {10.1007/s10958-014-1844-9},
 fjournal = {Rossiu{i}skaya Akademiya Nauk. Sankt-Peterburgskoe Otdelenie. Matematicheskiu{i} Institut im. V. A. Steklova. Zapiski Nauchnykh Seminarov (POMI)},
 issn = {0373-2703},
 journal = {Zap. Nauchn. Sem. S.-Peterburg. Otdel. Mat. Inst. Steklov. (POMI)},
 mrclass = {60G60 (60D05 60G15)},
 mrnumber = {3032216},
 mrreviewer = {Ilya S. Molchanov},
 number = {Veroyatnost{\cprime}i Statistika. 18},
 pages = {187--196, 327},
 title = {Random determinants, mixed volumes of ellipsoids, and zeros of {G}aussian random fields},
 url = {https://doi.org/10.1007/s10958-014-1844-9},
 volume = {408},
 year = {2012}
}
