@incollection{zaslavsky:94:fractional,
  author        = {Zaslavsky, G. M.},
  doi           = {10.1016/0167-2789(94)90254-2},
  fjournal      = {Physica D. Nonlinear Phenomena},
  issn          = {0167-2789},
  journal       = {Phys. D},
  mrclass       = {58F40 (58F13 76F20 76M35)},
  mrnumber      = {1295881},
  mrreviewer    = {Helena E. Nusse},
  note          = {Chaotic advection, tracer dynamics and turbulent dispersion (Gavi, 1993)},
  number        = {1-3},
  pages         = {110--122},
  title         = {Fractional kinetic equation for {H}amiltonian chaos},
  url           = {https://doi.org/10.1016/0167-2789(94)90254-2},
  volume        = {76},
  year          = {1994}
}
