@book{zeidler:95:applied,
  author        = {Zeidler, Eberhard},
  isbn          = {0-387-94422-2},
  mrclass       = {00A05 (35-01 46-01 47-01 49-01 58-01)},
  mrnumber      = {1347692},
  mrreviewer    = {Jean Mawhin},
  note          = {Main principles and their applications},
  pages         = {xvi+404},
  publisher     = {Springer-Verlag, New York},
  series        = {Applied Mathematical Sciences},
  title         = {Applied functional analysis},
  volume        = {109},
  year          = {1995}
}
