@article{zeitouni:84:extension,
  author        = {Zeitouni, O.},
  doi           = {10.1016/0167-6911(84)90003-3},
  fjournal      = {Systems \& Control Letters},
  issn          = {0167-6911,1872-7956},
  journal       = {Systems Control Lett.},
  mrclass       = {93E11 (93E12)},
  mrnumber      = {768709},
  mrreviewer    = {G.\ Banon},
  number        = {1},
  pages         = {9--17},
  title         = {An extension of the {B}ene\v{s} filter and some identification problems solved by nonlinear filtering methods},
  url           = {https://doi.org/10.1016/0167-6911(84)90003-3},
  volume        = {5},
  year          = {1984}
}
