@article{zeitouni.bobrovsky:86:on*1,
 author = {Zeitouni, O. and Bobrovsky, B. Z.},
 doi = {10.1016/0167-6911(86)90046-0},
 fjournal = {Systems \& Control Letters},
 issn = {0167-6911,1872-7956},
 journal = {Systems Control Lett.},
 mrclass = {60G15 (93E11)},
 mrnumber = {850446},
 mrreviewer = {V\v{e}ra\ L\'{a}nsk\'{a}},
 number = {4},
 pages = {317--321},
 title = {On the joint nonlinear filtering-smoothing of diffusion processes},
 url = {https://doi.org/10.1016/0167-6911(86)90046-0},
 volume = {7},
 year = {1986}
}
