@article{zeitouni:89:on,
  author        = {Zeitouni, Ofer},
  fjournal      = {The Annals of Probability},
  issn          = {0091-1798,2168-894X},
  journal       = {Ann. Probab.},
  mrclass       = {60J60 (60G17)},
  mrnumber      = {1009443},
  mrreviewer    = {Yoichiro\ Takahashi},
  number        = {3},
  pages         = {1037--1054},
  title         = {On the {O}nsager-{M}achlup functional of diffusion processes around non-{$C^2$}-curves},
  url           = {http://links.jstor.org/sici?sici=0091-1798(198907)17:3<1037:OTOFOD>2.0.CO;2-6&origin=MSN},
  volume        = {17},
  year          = {1989}
}
