@incollection{zeitouni:12:random,
  author        = {Zeitouni, Ofer},
  booktitle     = {Computational complexity. {V}ols. 1--6},
  doi           = {10.1007/978-1-4614-1800-9\_157},
  isbn          = {978-1-4614-1799-6; 978-1-4614-1800-9},
  mrclass       = {99-03},
  mrnumber      = {3074632},
  pages         = {2564--2577},
  publisher     = {Springer, New York},
  title         = {Random walks in random environment},
  url           = {https://doi.org/10.1007/978-1-4614-1800-9\_157},
  year          = {2012}
}
