@article{zeitouni.dembo:88:existence,
  author        = {Zeitouni, O. and Dembo, A.},
  doi           = {10.1080/17442508808833490},
  fjournal      = {Stochastics},
  issn          = {0090-9491},
  journal       = {Stochastics},
  mrclass       = {93E11 (60G35 60J60 62M20)},
  mrnumber      = {928355},
  mrreviewer    = {V\v{e}ra\ L\'{a}nsk\'{a}},
  number        = {2},
  pages         = {197--218},
  title         = {An existence theorem and some properties of maximum a posteriori estimators of trajectories of diffusions},
  url           = {https://doi.org/10.1080/17442508808833490},
  volume        = {23},
  year          = {1988}
}
