@article{zeitouni.dembo:87:erratum,
  author        = {Zeitouni, O. and Dembo, A.},
  fjournal      = {Stochastics},
  issn          = {0090-9491},
  journal       = {Stochastics},
  mrclass       = {93E11 (60G35 60J60)},
  mrnumber      = {885878},
  mrreviewer    = {R.\ S.\ Bucy},
  number        = {4},
  pages         = {341},
  title         = {Erratum: ``{A} maximum a posteriori estimator for trajectories of diffusion processes''},
  volume        = {20},
  year          = {1987}
}
