@incollection{zeitouni:16:filtering,
 author = {Zeitouni, Ofer},
 booktitle = {Mathematics and society},
 isbn = {978-3-03719-164-4},
 mrclass = {93E11 (60G35 93-03)},
 mrnumber = {3497589},
 pages = {71--80},
 publisher = {Eur. Math. Soc., Z\"{u}rich},
 title = {Filtering theory: mathematics in engineering, from {G}auss
to particle filters},
 year = {2016}
}
