@article{zeitouni.dembo:90:change,
  author        = {Zeitouni, O. and Dembo, A.},
  doi           = {10.1007/BF01197893},
  fjournal      = {Probability Theory and Related Fields},
  issn          = {0178-8051,1432-2064},
  journal       = {Probab. Theory Related Fields},
  mrclass       = {60H05},
  mrnumber      = {1035665},
  mrreviewer    = {Ali\ S\"{u}leyman\ \"{U}st\"{u}nel},
  number        = {3},
  pages         = {411--425},
  title         = {A change of variables formula for {S}tratonovich integrals and existence of solutions for two-point stochastic boundary value problems},
  url           = {https://doi.org/10.1007/BF01197893},
  volume        = {84},
  year          = {1990}
}
