@article{zeitouni:88:on,
 author = {Zeitouni, Ofer},
 doi = {10.1109/18.21227},
 fjournal = {Institute of Electrical and Electronics Engineers. Transactions on Information Theory},
 issn = {0018-9448,1557-9654},
 journal = {IEEE Trans. Inform. Theory},
 mrclass = {93E10 (60G35 93E11 94A05)},
 mrnumber = {982814},
 mrreviewer = {S.\ Csibi},
 number = {5},
 pages = {1041--1048},
 title = {On the filtering of noise-contaminated signals observed via hard limiters},
 url = {https://doi.org/10.1109/18.21227},
 volume = {34},
 year = {1988}
}
