@article{zeitouni.gutman:91:correction,
 author = {Zeitouni, Ofer and Gutman, Michael},
 fjournal = {Institute of Electrical and Electronics Engineers.
Transactions on Information Theory},
 issn = {0018-9448,1557-9654},
 journal = {IEEE Trans. Inform. Theory},
 mrclass = {94A13 (60F10 62G10)},
 mrnumber = {1145824},
 mrreviewer = {Tamer\ Ba\c{s}ar},
 number = {3},
 pages = {698},
 title = {Correction to: ``{O}n universal hypotheses testing via
large deviations''},
 volume = {37},
 year = {1991}
}
