@incollection{zeitouni:00:map,
  author        = {Zeitouni, Ofer},
  booktitle     = {System theory: modeling, analysis and control ({C}ambridge, {MA}, 1999)},
  doi           = {10.1007/978-1-4615-5223-9\_11},
  isbn          = {0-7923-8618-3},
  mrclass       = {60-02 (60G35 60J60 62M05)},
  mrnumber      = {1801489},
  mrreviewer    = {Ornella\ Arcudi},
  pages         = {145--154},
  publisher     = {Kluwer Acad. Publ., Boston, MA},
  series        = {Kluwer Internat. Ser. Engrg. Comput. Sci.},
  title         = {M{AP} estimation of diffusions---an updated account},
  url           = {https://doi.org/10.1007/978-1-4615-5223-9\_11},
  volume        = {518},
  year          = {2000}
}
