@article{zeitouni:83:on,
 author = {Zeitouni, O.},
 doi = {10.1016/0167-6911(83)90073-7},
 fjournal = {Systems \& Control Letters},
 issn = {0167-6911,1872-7956},
 journal = {Systems Control Lett.},
 mrclass = {93E11},
 mrnumber = {729113},
 number = {6},
 pages = {329--330},
 title = {On the nonexistence of stationary diffusions which satisfy the {B}ene\v{s} condition},
 url = {https://doi.org/10.1016/0167-6911(83)90073-7},
 volume = {3},
 year = {1983}
}
