@article{zeitouni.dembo:88:exact,
 author = {Zeitouni, O. and Dembo, A.},
 doi = {10.1109/18.9793},
 fjournal = {Institute of Electrical and Electronics Engineers. Transactions on Information Theory},
 issn = {0018-9448,1557-9654},
 journal = {IEEE Trans. Inform. Theory},
 mrclass = {60G35 (60J27 93E10 93E11)},
 mrnumber = {966763},
 number = {4},
 pages = {890--893},
 title = {Exact filters for the estimation of the number of transitions of finite-state continuous-time {M}arkov processes},
 url = {https://doi.org/10.1109/18.9793},
 volume = {34},
 year = {1988}
}
