@article{zeldovich.molchanov.ea:87:intermittency,
  author        = {Ya B Zel'dovich and S A Molchanov and A A Ruzmau{i}kin and Dmitrii D Sokolov},
  doi           = {10.1070/PU1987v030n05ABEH002867},
  journal       = {Soviet Physics Uspekhi},
  month         = {may},
  number        = {5},
  pages         = {353},
  title         = {Intermittency in random media},
  url           = {https://dx.doi.org/10.1070/PU1987v030n05ABEH002867},
  volume        = {30},
  year          = {1987}
}
