@article{zhang.zlatos:24:quantitative,
  author        = {Zhang, Yuming Paul and Zlato\v{s}, Andrej},
  doi           = {10.4171/aihpc/80},
  fjournal      = {Annales de l'Institut Henri Poincar\'{e} C. Analyse Non Lin\'{e}aire},
  issn          = {0294-1449},
  journal       = {Ann. Inst. H. Poincar\'{e} C Anal. Non Lin\'{e}aire},
  mrclass       = {35B27 (35K57 80A25)},
  mrnumber      = {4755502},
  mrreviewer    = {Ben W. Schweizer},
  number        = {4},
  pages         = {853--876},
  title         = {Quantitative homogenization for combustion in random media},
  url           = {https://doi.org/10.4171/aihpc/80},
  volume        = {41},
  year          = {2024}
}
