@article{zhang:09:variational*1,
 author = {Zhang, Xicheng},
 doi = {10.1215/kjm/1260975036},
 fjournal = {Journal of Mathematics of Kyoto University},
 issn = {0023-608X},
 journal = {J. Math. Kyoto Univ.},
 mrclass = {60H07 (60F10)},
 mrnumber = {2583599},
 number = {3},
 pages = {475--490},
 title = {A variational representation for random functionals on abstract {W}iener spaces},
 url = {https://doi.org/10.1215/kjm/1260975036},
 volume = {49},
 year = {2009}
}
