@article{zhang.zhao:07:stationary,
 author = {Zhang, Qi and Zhao, Huaizhong},
 doi = {10.1016/j.jfa.2007.06.019},
 fjournal = {Journal of Functional Analysis},
 issn = {0022-1236},
 journal = {J. Funct. Anal.},
 mrclass = {60H15 (60G10 60H10)},
 mrnumber = {2357354},
 mrreviewer = {Fran\c{c}ois Delarue},
 number = {1},
 pages = {171--219},
 title = {Stationary solutions of {SPDE}s and infinite horizon {BDSDE}s},
 url = {https://doi.org/10.1016/j.jfa.2007.06.019},
 volume = {252},
 year = {2007}
}
