@article{zhang:06:divergence,
  author        = {Zhang, Yu},
  doi           = {10.1007/s00440-005-0488-6},
  fjournal      = {Probability Theory and Related Fields},
  issn          = {0178-8051},
  journal       = {Probab. Theory Related Fields},
  mrclass       = {60K35},
  mrnumber      = {2240790},
  mrreviewer    = {Peter T. Otto},
  number        = {2},
  pages         = {298--320},
  title         = {The divergence of fluctuations for shape in first passage percolation},
  url           = {https://doi.org/10.1007/s00440-005-0488-6},
  volume        = {136},
  year          = {2006}
}
