@article{zhang.zhu.ea:22:singular,
  author        = {Zhang, Xicheng and Zhu, Rongchan and Zhu, Xiangchan},
  doi           = {10.1007/s00440-022-01137-w},
  fjournal      = {Probability Theory and Related Fields},
  issn          = {0178-8051},
  journal       = {Probab. Theory Related Fields},
  mrclass       = {60H15 (35R60)},
  mrnumber      = {4453317},
  mrreviewer    = {Ya. \={I}. B\={\i}lopol{\cprime}s{\cprime}ka},
  number        = {3-4},
  pages         = {789--869},
  title         = {Singular {HJB} equations with applications to {KPZ} on the real line},
  url           = {https://doi.org/10.1007/s00440-022-01137-w},
  volume        = {183},
  year          = {2022}
}
