@article{zhang:10:on,
  author        = {Zhang, Yu},
  doi           = {10.1016/j.spa.2010.03.001},
  fjournal      = {Stochastic Processes and their Applications},
  issn          = {0304-4149},
  journal       = {Stochastic Process. Appl.},
  mrclass       = {60K35},
  mrnumber      = {2639748},
  mrreviewer    = {Olivier Garet},
  number        = {7},
  pages         = {1317--1341},
  title         = {On the concentration and the convergence rate with a moment condition in first passage percolation},
  url           = {https://doi.org/10.1016/j.spa.2010.03.001},
  volume        = {120},
  year          = {2010}
}
