@article{zhang.angst:20:dual-permeability,
  author        = {Zhang, Zhidong and Angst, Ueli},
  day           = {01},
  doi           = {10.1007/s11242-020-01469-y},
  issn          = {1573-1634},
  journal       = {Transport in Porous Media},
  month         = {Oct},
  number        = {1},
  pages         = {59--78},
  title         = {A Dual-Permeability Approach to Study Anomalous Moisture Transport Properties of Cement-Based Materials},
  url           = {https://doi.org/10.1007/s11242-020-01469-y},
  volume        = {135},
  year          = {2020}
}
