@article{zhan:08:reversibility,
  author        = {Zhan, Dapeng},
  doi           = {10.1214/07-AOP366},
  fjournal      = {The Annals of Probability},
  issn          = {0091-1798},
  journal       = {Ann. Probab.},
  mrclass       = {60J67},
  mrnumber      = {2435856},
  mrreviewer    = {Robert Otto Bauer},
  number        = {4},
  pages         = {1472--1494},
  title         = {Reversibility of chordal {SLE}},
  url           = {https://doi.org/10.1214/07-AOP366},
  volume        = {36},
  year          = {2008}
}
