@article{zhang.li:16:attraction-repulsion,
 author = {Zhang, Qingshan and Li, Yuxiang},
 doi = {10.1002/zamm.201400311},
 fjournal = {ZAMM. Zeitschrift f\"{u}r Angewandte Mathematik und
Mechanik. Journal of Applied Mathematics and Mechanics},
 issn = {0044-2267},
 journal = {ZAMM Z. Angew. Math. Mech.},
 mrclass = {35Q92 (35A09 35B40 35D30 35M33 92C17)},
 mrnumber = {3502965},
 number = {5},
 pages = {570--584},
 title = {An attraction-repulsion chemotaxis system with logistic
source},
 url = {https://doi.org/10.1002/zamm.201400311},
 volume = {96},
 year = {2016}
}
