@article{zhang.zhu.ea:16:operator,
 author = {Zhang, Rongpei and Zhu, Jiang and Loula, Abimael F. D. and
Yu, Xijun},
 doi = {10.1016/j.cam.2016.02.018},
 fjournal = {Journal of Computational and Applied Mathematics},
 issn = {0377-0427},
 journal = {J. Comput. Appl. Math.},
 mrclass = {65M60 (92C17)},
 mrnumber = {3475522},
 mrreviewer = {Mohammad Asadzadeh},
 pages = {312--326},
 title = {Operator splitting combined with positivity-preserving
discontinuous {G}alerkin method for the chemotaxis model},
 url = {https://doi.org/10.1016/j.cam.2016.02.018},
 volume = {302},
 year = {2016}
}
