@article{zhang.lin.ea:22:two-dimensional,
 author = {Zhang, Sheng and Lin, Guang and Tindel, Samy},
 doi = {10.1098/rspa.2022.0346},
 fjournal = {Proceedings A},
 issn = {1364-5021,1471-2946},
 journal = {Proc. A.},
 mrclass = {68U10 (60L10 68T10)},
 mrnumber = {4505805},
 number = {2266},
 pages = {Paper No. 20220346, 13},
 title = {Two-dimensional signature of images and texture classification},
 url = {https://doi.org/10.1098/rspa.2022.0346},
 volume = {478},
 year = {2022}
}
