@article{zhang:10:stochastic,
 author = {Zhang, Xicheng},
 doi = {10.1016/j.jfa.2009.11.006},
 fjournal = {Journal of Functional Analysis},
 issn = {0022-1236},
 journal = {J. Funct. Anal.},
 mrclass = {60H15 (60H20)},
 mrnumber = {2565842},
 mrreviewer = {Constantin Tudor},
 number = {4},
 pages = {1361--1425},
 title = {Stochastic {V}olterra equations in {B}anach spaces and
stochastic partial differential equation},
 url = {https://doi.org/10.1016/j.jfa.2009.11.006},
 volume = {258},
 year = {2010}
}
