@article{zhang.zhang.ea:92:modeling,
  author        = {Jun Zhang and Y.-C. Zhang and P. Alstr\o{}m and M.T. Levinsen},
  doi           = {https://doi.org/10.1016/0378-4371(92)90050-Z},
  fjournal      = {Physica A: Statistical Mechanics and its Applications},
  issn          = {0378--4371},
  journal       = {Phys. A: Stat. Mech. Appl.},
  number        = {3},
  pages         = {383--389},
  title         = {Modeling forest fire by a paper-burning experiment, a realization of the interface growth mechanism},
  url           = {https://www.sciencedirect.com/science/article/pii/037843719290050Z},
  volume        = {189},
  year          = {1992}
}
