@article{zhao.zheng:19:global,
 author = {Zhao, Xiangdong and Zheng, Sining},
 doi = {10.1016/j.jde.2019.01.026},
 fjournal = {Journal of Differential Equations},
 issn = {0022-0396},
 journal = {J. Differential Equations},
 mrclass = {92C17 (35B40 35B45 35K51 35K55)},
 mrnumber = {3957973},
 number = {2},
 pages = {826--865},
 title = {Global existence and boundedness of solutions to a
chemotaxis system with singular sensitivity and
logistic-type source},
 url = {https://doi.org/10.1016/j.jde.2019.01.026},
 volume = {267},
 year = {2019}
}
