@article{zhao:24:global,
  author        = {Zhao, Xiangdong},
  doi           = {10.21136/CMJ.2023.0544-22},
  fjournal      = {Czechoslovak Mathematical Journal},
  issn          = {0011-4642},
  journal       = {Czechoslovak Math. J.},
  mrclass       = {92C17 (35B45 35K51 35M33)},
  mrnumber      = {4717826},
  number        = {1},
  pages         = {127--151},
  title         = {Global solvability in the parabolic-elliptic chemotaxis system with singular sensitivity and logistic source},
  url           = {https://doi.org/10.21136/CMJ.2023.0544-22},
  volume        = {74(149)},
  year          = {2024}
}
