@article{zhao:23:boundedness,
  author        = {Zhao, Xiangdong},
  doi           = {10.1088/1361-6544/acdb3b},
  fjournal      = {Nonlinearity},
  issn          = {0951-7715},
  journal       = {Nonlinearity},
  mrclass       = {92C17 (35B45 35Q92)},
  mrnumber      = {4601307},
  mrreviewer    = {Feng Dai},
  number        = {7},
  pages         = {3909--3938},
  title         = {Boundedness in a logistic chemotaxis system with weakly singular sensitivity in dimension two},
  url           = {https://doi.org/10.1088/1361-6544/acdb3b},
  volume        = {36},
  year          = {2023}
}
