@article{zheng:24:on,
  author        = {Zheng, Pan},
  doi           = {10.4310/dpde.2024.v21.n1.a3},
  fjournal      = {Dynamics of Partial Differential Equations},
  issn          = {1548-159X},
  journal       = {Dyn. Partial Differ. Equ.},
  mrclass       = {35M32 (35K15 35K55 92C17)},
  mrnumber      = {4672992},
  number        = {1},
  pages         = {61--76},
  title         = {On a parabolic-elliptic {K}eller-{S}egel system with nonlinear signal production and nonlocal growth term},
  url           = {https://doi.org/10.4310/dpde.2024.v21.n1.a3},
  volume        = {21},
  year          = {2024}
}
