@article{zheng:15:boundedness,
  author        = {Zheng, Jiashan},
  doi           = {10.1016/j.jde.2015.02.003},
  fjournal      = {Journal of Differential Equations},
  issn          = {0022-0396},
  journal       = {J. Differential Equations},
  mrclass       = {35M33 (35B45 35K59 92C17)},
  mrnumber      = {3335922},
  mrreviewer    = {Jingyu Li},
  number        = {1},
  pages         = {120--140},
  title         = {Boundedness of solutions to a quasilinear parabolic-elliptic {K}eller-{S}egel system with logistic source},
  url           = {https://doi.org/10.1016/j.jde.2015.02.003},
  volume        = {259},
  year          = {2015}
}
