@article{zhong.jiang:07:globally,
 author = {Zhong, Xinhua and Jiang, Song},
 doi = {10.1016/S0252-9602(07)60042-3},
 fjournal = {Acta Mathematica Scientia. Series B. English Edition},
 issn = {0252-9602},
 journal = {Acta Math. Sci. Ser. B (Engl. Ed.)},
 mrclass = {35K50 (35B25 35B40 35B45 35K55)},
 mrnumber = {2313241},
 number = {2},
 pages = {421--429},
 title = {Globally bounded in-time solutions to a parabolic-elliptic system modelling chemotaxis},
 url = {https://doi.org/10.1016/S0252-9602(07)60042-3},
 volume = {27},
 year = {2007}
}
