@article{zili.zougar:19:one-dimensional,
  author        = {Zili, Mounir and Zougar, Eya},
  doi           = {10.1080/00036811.2018.1451642},
  fjournal      = {Applicable Analysis. An International Journal},
  issn          = {0003-6811,1563-504X},
  journal       = {Appl. Anal.},
  mrclass       = {60H15 (33B20 35K10 35R60 60G15 60G17 60G60)},
  mrnumber      = {3988829},
  number        = {12},
  pages         = {2178--2191},
  title         = {One-dimensional stochastic heat equation with discontinuous conductance},
  url           = {https://doi.org/10.1080/00036811.2018.1451642},
  volume        = {98},
  year          = {2019}
}
