@article{zili.zougar:19:exact,
  author        = {Zili, M. and Zougar, E.},
  doi           = {10.1090/tpms/1099},
  fjournal      = {Teor\=\i ya \u Imov\=\i rnoste\u i\ ta Matematichna Statistika. Ki\"ivs{\cprime}ki\u i\ Un\=\i versitet \=\i meni Tarasa Shevchenka},
  issn          = {0868-6904},
  journal       = {Teor. \u Imov\=\i r. Mat. Stat.},
  mrclass       = {60H15 (35K15 35R60 60G15 60G17 60G60 62F10)},
  mrnumber      = {3992994},
  number        = {100},
  pages         = {75--101},
  title         = {Exact variations for stochastic heat equations with piecewise constant coefficients and application to parameter estimation},
  url           = {https://doi.org/10.1090/tpms/1099},
  year          = {2019}
}
