@article{zili.zougar:19:spatial,
  author        = {Zili, Mounir and Zougar, Eya},
  doi           = {10.15559/19-vmsta139},
  fjournal      = {Modern Stochastics. Theory and Applications},
  issn          = {2351-6046,2351-6054},
  journal       = {Mod. Stoch. Theory Appl.},
  mrclass       = {60H15 (35K15 35R60 60H07)},
  mrnumber      = {4028081},
  mrreviewer    = {Jan\ I.\ Seidler},
  number        = {3},
  pages         = {345--375},
  title         = {Spatial quadratic variations for the solution to a stochastic partial differential equation with elliptic divergence form operator},
  url           = {https://doi.org/10.15559/19-vmsta139},
  volume        = {6},
  year          = {2019}
}
