@book{zimmer:84:ergodic,
  author        = {Zimmer, Robert J.},
  doi           = {10.1007/978-1-4684-9488-4},
  isbn          = {3-7643-3184-4},
  mrclass       = {22E40 (22D40 28D15)},
  mrnumber      = {776417},
  mrreviewer    = {S. G. Dani},
  pages         = {x+209},
  publisher     = {Birkh\"{a}user Verlag, Basel},
  series        = {Monographs in Mathematics},
  title         = {Ergodic theory and semisimple groups},
  url           = {https://doi.org/10.1007/978-1-4684-9488-4},
  volume        = {81},
  year          = {1984}
}
