@incollection{zinn-justin.zuber:11:knot,
 author = {Zinn-Justin, Paul and Zuber, Jean-Bernard},
 booktitle = {The {O}xford handbook of random matrix theory},
 mrclass = {57M25 (15A99)},
 mrnumber = {2932647},
 mrreviewer = {Richard Stong},
 pages = {557--577},
 publisher = {Oxford Univ. Press, Oxford},
 title = {Knot theory and matrix integrals},
 year = {2011}
}
