@article{zou.ash.ea:18:empirical,
  author        = {Zou, Yajie and Ash, John E. and Park, Byung-Jung and Lord, Dominique and Wu, Lingtao},
  doi           = {10.1080/02664763.2017.1389863},
  fjournal      = {Journal of Applied Statistics},
  issn          = {0266-4763},
  journal       = {J. Appl. Stat.},
  mrclass       = {Expansion},
  mrnumber      = {3800338},
  number        = {9},
  pages         = {1652--1669},
  title         = {Empirical {B}ayes estimates of finite mixture of negative binomial regression models and its application to highway safety},
  url           = {https://doi.org/10.1080/02664763.2017.1389863},
  volume        = {45},
  year          = {2018}
}
