@article{zuev.sidorenko:85:continuous*1,
  author        = {Zuev, S. A. and Sidorenko, A. F.},
  fjournal      = {Akademiya Nauk SSSR. Teoreticheskaya i Matematicheskaya Fizika},
  issn          = {0564-6162},
  journal       = {Teoret. Mat. Fiz.},
  mrclass       = {82A43 (82A25)},
  mrnumber      = {782099},
  number        = {1},
  pages         = {76--86},
  title         = {Continuous models of percolation theory. {I}},
  volume        = {62},
  year          = {1985}
}
