@book{zygmund:68:trigonometric,
 author = {Zygmund, A.},
 mrclass = {42.00},
 mrnumber = {0236587},
 mrreviewer = {Edwin Hewitt},
 note = {Second edition, reprinted with corrections and some
additions},
 pages = {Vol. I. xiv+383 pp.; Vol. II: vii+364 pp. (two volumes
bound as one)},
 publisher = {Cambridge University Press, London-New York},
 title = {Trigonometric series: {V}ols. {I}, {II}},
 year = {1968}
}
