@book{zygmund:59:trigonometric,
  author        = {Zygmund, A.},
  mrclass       = {42.00},
  mrnumber      = {0107776},
  mrreviewer    = {E. Hewitt},
  pages         = {Vol. I. xii+383 pp.; Vol. II. vii+354},
  publisher     = {Cambridge University Press, New York},
  title         = {Trigonometric series. 2nd ed. {V}ols. {I}, {II}},
  year          = {1959}
}
